@article{luo2019docking,
  title={Docking navigation method for UAV autonomous aerial refueling},
  author={Luo, Delin and Shao, Jiang and Xu, Yang and Zhang, Jinpeng},
  journal={Science China Information Sciences},
  volume={62},
  pages={1--16},
  year={2019},
  publisher={Springer}
}

@article{quan2015proportional,
  title={Proportional-integral stabilizing control of a class of MIMO systems subject to nonparametric uncertainties by additive-state-decomposition dynamic inversion design},
  author={Quan, Quan and Du, Guang-Xun and Cai, Kai-Yuan},
  journal={IEEE/ASME Transactions on Mechatronics},
  volume={21},
  number={2},
  pages={1092--1101},
  year={2015},
  publisher={IEEE}
}

@book{ogata2002modern,
  title={Modern control engineering},
  author={Ogata, Katsuhiko and Yang, Yanjuan},
  volume={5},
  year={2002},
  publisher={Prentice hall India}
}


@article{quan2015additive,
  title={Additive-state-decomposition-based tracking control framework for a class of nonminimum phase systems with measurable nonlinearities and unknown disturbances},
  author={Quan, Quan and Cai, Kai-Yuan and Lin, Hai},
  journal={International Journal of Robust and Nonlinear Control},
  volume={25},
  number={2},
  pages={163--178},
  year={2015},
  publisher={Wiley Online Library}
}

@article{yuan2019position,
  title={Position tracking and attitude control for quadrotors via active disturbance rejection control method},
  author={Yuan, Yuan and Cheng, Lei and Wang, Zidong and Sun, Chong},
  journal={Science China Information Sciences},
  volume={62},
  pages={1--10},
  year={2019},
  publisher={Springer}
}


@article{huang2024aerial,
  title={Aerial refueling scheduling of multi-receiver and multi-tanker under spatial-temporal constraints for forest firefighting},
  author={HUANG, Jing and Jiaqi, XING and Jinrui, REN and Quan, QUAN and ZHANG, Youmin},
  journal={Chinese Journal of Aeronautics},
  volume={37},
  number={5},
  pages={71--91},
  year={2024},
  publisher={Elsevier}
}


@article{jinrui2024progress,
  title={Progress in modeling and control of probe-and-drogue autonomous aerial refueling},
  author={Jinrui, REN and Quan, QUAN},
  journal={Chinese Journal of Aeronautics},
  volume={37},
  number={5},
  pages={6--26},
  year={2024},
  publisher={Elsevier}
}

@inproceedings{Dong,
  title={A comparison of pose estimation algorithms for machine vision based aerial refueling for UAVs},
  author={Campa, Giampiero and Mammarella, Marco and Napolitano, Marcello R and Fravolini, Mario L and Pollini, Lorenzo and Stolarik, Brian},
  booktitle={2006 14th Mediterranean Conference on Control and Automation},
  pages={1--6},
  year={2006},
  organization={IEEE}
}

@techreport{Liu,
  title={Demonstration of a control algorithm for autonomous aerial refueling (Project ``No Gyro")},
  author={Ross, Steven M and Menza, Matthew D and Waddell Jr, Elwood T and Mainstone, Aaron P and Velez, Juanluis and AIR FORCE FLIGHT TEST CENTER EDWARDS AFB CA},
  year={2005},
  institution={Technical report, Air Force Flight Test Center}
}

@inproceedings{Han,
  title={The NASA dryden AAR project: a flight test approach to an aerial refueling system},
  author={Hansen, Jennifer and Murray, James and Campos, Norma},
  booktitle={AIAA atmospheric flight mechanics conference and exhibit},
  pages={4939},
  year={2004}
}

@article{Zhao,
  title={Sensor fusion applied to autonomous aerial refueling},
  author={Williamson, Walton R and Glenn, Gregory J and Dang, Vu T and Speyer, Jason L and Stecko, Stephen M and Takacs, John M},
  journal={Journal of Guidance, Control, and Dynamics},
  volume={32},
  number={1},
  pages={262--275},
  year={2009}
}

@inproceedings{Fu,
  title={A pose estimation method of a moving target based on off-board monocular vision},
  author={Jia-Ning, Fu and Qiang, Fu and Arif, Usman and Quan, Quan},
  booktitle={2016 IEEE Chinese Guidance, Navigation and Control Conference (CGNCC)},
  pages={2082--2087},
  year={2016},
  organization={IEEE}
}

@inproceedings{Kimm,
  title={Autonomous aerial refueling utilizing a vision based navigation system},
  author={Kimmett, Jennifer and Valasek, John and Junkins, John},
  booktitle={AIAA Guidance, Navigation, and Control Conference and Exhibit},
  pages={4469},
  year={2002}
}

@article{Weaver,
  title={Using predictive rendering as a vision-aided technique for autonomous aerial refueling},
  author={Weaver, Adam D},
  year={2009}
}

@article{Xie,
  title={Robust pose estimation for multirotor UAVs using off-board monocular vision},
  author={Fu, Qiang and Quan, Quan and Cai, Kai-Yuan},
  journal={IEEE Transactions on Industrial Electronics},
  volume={64},
  number={10},
  pages={7942--7951},
  year={2017},
  publisher={IEEE}
}

@article{chen,
  title={Drogue pose estimation for unmanned aerial vehicle autonomous aerial refueling system based on infrared vision sensor},
  author={Chen, Shanjun and Duan, Haibin and Deng, Yimin and Li, Cong and Zhao, Guozhi and Xu, Yan},
  journal={Optical Engineering},
  volume={56},
  number={12},
  pages={124105--124105},
  year={2017},
  publisher={Society of Photo-Optical Instrumentation Engineers}
}

@article{Vala,
  title={Vision-based sensor and navigation system for autonomous air refueling},
  author={Valasek, John and Gunnam, Kiran and Kimmett, Jennifer and Tandale, Monish D and Junkins, John L and Hughes, Declan},
  journal={Journal of guidance, control, and dynamics},
  volume={28},
  number={5},
  pages={979--989},
  year={2005}
}

@article{Tan,
  title={Trajectory tracking controller for vision-based probe and drogue autonomous aerial refueling},
  author={Tandale, Monish D and Bowers, Roshawn and Valasek, John},
  journal={Journal of guidance, control, and dynamics},
  volume={29},
  number={4},
  pages={846--857},
  year={2006}
}

@article{Lu,
  title={Fast and globally convergent pose estimation from video images},
  author={Lu, C-P and Hager, Gregory D and Mjolsness, Eric},
  journal={IEEE transactions on pattern analysis and machine intelligence},
  volume={22},
  number={6},
  pages={610--622},
  year={2000},
  publisher={IEEE}
}

@book{Zhang,
  title={Introduction to multicopter design and control},
  author={Quan, Quan},
  year={2017},
  publisher={Springer}
}

@article{Zhang1,
  title={Drogue dynamic model under bow wave in probe-and-drogue refueling},
  author={Wei, Zi-Bo and Dai, Xunhua and Quan, Quan and Cai, Kai-Yuan},
  journal={IEEE Transactions on Aerospace and Electronic Systems},
  volume={52},
  number={4},
  pages={1728--1742},
  year={2016},
  publisher={IEEE}
}

@Inbook{Strum,
  author="Sturm, Peter",
  editor="Ikeuchi, Katsushi",
  title="Pinhole Camera Model",
  bookTitle="Computer Vision: A Reference Guide",
  year="2014",
  publisher="Springer US",
  address="Boston, MA",
  pages="610--613",
  isbn="978-0-387-31439-6",
  doi="10.1007/978-0-387-31439-6_472",
  url="https://doi.org/10.1007/978-0-387-31439-6_472"
}

@inproceedings{girshick2014rich,
  title={Rich feature hierarchies for accurate object detection and semantic segmentation},
  author={Girshick, Ross and Donahue, Jeff and Darrell, Trevor and Malik, Jitendra},
  booktitle={Proceedings of the IEEE conference on computer vision and pattern recognition},
  pages={580--587},
  year={2014}
}

@article{ren2015faster,
  title={Faster r-cnn: Towards real-time object detection with region proposal networks},
  author={Ren, Shaoqing and He, Kaiming and Girshick, Ross and Sun, Jian},
  journal={Advances in neural information processing systems},
  volume={28},
  year={2015}
}

@inproceedings{lin2017feature,
  title={Feature pyramid networks for object detection},
  author={Lin, Tsung-Yi and Doll{\'a}r, Piotr and Girshick, Ross and He, Kaiming and Hariharan, Bharath and Belongie, Serge},
  booktitle={Proceedings of the IEEE conference on computer vision and pattern recognition},
  pages={2117--2125},
  year={2017}
}

@inproceedings{redmon2016you,
  title={You only look once: Unified, real-time object detection},
  author={Redmon, Joseph and Divvala, Santosh and Girshick, Ross and Farhadi, Ali},
  booktitle={Proceedings of the IEEE conference on computer vision and pattern recognition},
  pages={779--788},
  year={2016}
}

@article{fu2017dssd,
  title={Dssd: Deconvolutional single shot detector},
  author={Fu, Cheng-Yang and Liu, Wei and Ranga, Ananth and Tyagi, Ambrish and Berg, Alexander C},
  journal={arXiv preprint arXiv:1701.06659},
  year={2017}
}

@inproceedings{lin2017focal,
  title={Focal loss for dense object detection},
  author={Lin, Tsung-Yi and Goyal, Priya and Girshick, Ross and He, Kaiming and Doll{\'a}r, Piotr},
  booktitle={Proceedings of the IEEE international conference on computer vision},
  pages={2980--2988},
  year={2017}
}

@article{bochkovskiy2020yolov4,
  title={Yolov4: Optimal speed and accuracy of object detection},
  author={Bochkovskiy, Alexey and Wang, Chien-Yao and Liao, Hong-Yuan Mark},
  journal={arXiv preprint arXiv:2004.10934},
  year={2020}
}

@inproceedings{wang2020cspnet,
  title={CSPNet: A new backbone that can enhance learning capability of CNN},
  author={Wang, Chien-Yao and Liao, Hong-Yuan Mark and Wu, Yueh-Hua and Chen, Ping-Yang and Hsieh, Jun-Wei and Yeh, I-Hau},
  booktitle={Proceedings of the IEEE/CVF conference on computer vision and pattern recognition workshops},
  pages={390--391},
  year={2020}
}

@inproceedings{liu2018path,
  title={Path aggregation network for instance segmentation},
  author={Liu, Shu and Qi, Lu and Qin, Haifang and Shi, Jianping and Jia, Jiaya},
  booktitle={Proceedings of the IEEE conference on computer vision and pattern recognition},
  pages={8759--8768},
  year={2018}
}

@article{zheng2021enhancing,
  title={Enhancing geometric factors in model learning and inference for object detection and instance segmentation},
  author={Zheng, Zhaohui and Wang, Ping and Ren, Dongwei and Liu, Wei and Ye, Rongguang and Hu, Qinghua and Zuo, Wangmeng},
  journal={IEEE transactions on cybernetics},
  volume={52},
  number={8},
  pages={8574--8586},
  year={2021},
  publisher={IEEE}
}

@inproceedings{zheng2020distance,
  title={Distance-IoU loss: Faster and better learning for bounding box regression},
  author={Zheng, Zhaohui and Wang, Ping and Liu, Wei and Li, Jinze and Ye, Rongguang and Ren, Dongwei},
  booktitle={Proceedings of the AAAI conference on artificial intelligence},
  volume={34},
  number={07},
  pages={12993--13000},
  year={2020}
}




@article{2021A,
  title={A stochastic approximation method for probability prediction of docking success for aerial refueling},
  author={ Liu Ying and Zhao Zhiyao and Ma Haibiao and Quan Quan; },
  journal={Applied Soft Computing},
  volume={103},
  number={1},
  year={2021},
}

@inproceedings{2018Vision,
  title={Vision-Based Robust Position Estimation in Probe-and-Drogue Autonomous Aerial Refueling},
  author={ Yan, Gao  and  Xunhua, Dai  and  Quan, Quan },
  booktitle={2018 IEEE CSAA Guidance, Navigation and Control Conference (GNCC)},
  year={2018},
}


@mastersthesis{ze2019docking,
  title={Docking control research of autonomous aerial refueling based on {IBVS}},
  author={Zeqing，Ma},
  school={Beihang University},
  year={2019}
}
  


@inproceedings{hao2021autonomous,
  title={Autonomous Aerial Refueling of Multiple UAVs: An Efficient Rendezvous Scheduling Approach},
  author={Hao, Liu and Quan, Quan},
  booktitle={2021 China Automation Congress (CAC)},
  pages={7463--7468},
  year={2021},
  organization={IEEE}
}


@article{o2022neural,
  title={Neural-fly enables rapid learning for agile flight in strong winds},
  author={O’Connell, Michael and Shi, Guanya and Shi, Xichen and Azizzadenesheli, Kamyar and Anandkumar, Anima and Yue, Yisong and Chung, Soon-Jo},
  journal={Science Robotics},
  volume={7},
  number={66},
  pages={eabm6597},
  year={2022},
  publisher={American Association for the Advancement of Science}
}

@article{dong2019failsafe,
  title={Failsafe mechanism design for autonomous aerial refueling using state tree structures},
  author={Dong, Ke and Quan, Quan and Wonham, W Murray},
  journal={Unmanned Systems},
  volume={7},
  number={04},
  pages={261--279},
  year={2019},
  publisher={World Scientific}
}

@article{liu2021reachability,
  title={Reachability analysis on optimal trim state for aerial docking},
  author={Liu, Ying and Wang, Jun and Quan, Quan and Du, Guang-Xun and Yang, Lei},
  journal={Aerospace Science and Technology},
  volume={110},
  pages={106471},
  year={2021},
  publisher={Elsevier}
}


@article{wang2019towards,
  title={Towards docking safety analysis for unmanned aerial vehicle probe-drogue autonomous aerial refueling based on docking success-probability and docking reachability},
  author={Wang, Xu-Feng and Li, Jian-Min and Kong, Xing-Wei and Dong, Xin-Min and Zhang, Bo},
  journal={Proceedings of the Institution of Mechanical Engineers, Part G: Journal of Aerospace Engineering},
  volume={233},
  number={11},
  pages={3893--3905},
  year={2019},
  publisher={SAGE Publications Sage UK: London, England}
}

@article{liu2021stochastic,
  title={A stochastic approximation method for probability prediction of docking success for aerial refueling},
  author={Liu, Ying and Zhao, Zhiyao and Ma, Haibiao and Quan, Quan},
  journal={Applied Soft Computing},
  volume={103},
  pages={107139},
  year={2021},
  publisher={Elsevier}
}

@article{liu2022adaptive,
  title={Adaptive fault-tolerant boundary control of an autonomous aerial refueling hose system with prescribed constraints},
  author={Liu, Zhijie and Han, Zhiji and He, Wei},
  journal={IEEE Transactions on Automation Science and Engineering},
  year={2022},
  publisher={IEEE}
}


@article{liu2021adaptive,
  title={Adaptive fault-tolerant control of a probe-and-drogue refueling hose under varying length and constrained output},
  author={Liu, Zhijie and Liang, Jinyuan and Zhao, Zhijia and Efe, Mehmet {\"O}nder and Hong, Keum-Shik},
  journal={IEEE Transactions on Control Systems Technology},
  volume={30},
  number={2},
  pages={869--876},
  year={2021},
  publisher={IEEE}
}

@article{chang2019adaptive,
  title={Adaptive control of a hose and drogue system with input nonlinearities and partial state constraints},
  author={Chang, Liang and Jia, Yingmin},
  journal={International Journal of Control, Automation and Systems},
  volume={17},
  number={10},
  pages={2508--2520},
  year={2019},
  publisher={Springer}
}

@article{sun2022active,
  title={Active disturbance rejection controllers optimized via adaptive granularity learning distributed pigeon-inspired optimization for autonomous aerial refueling hose-drogue system},
  author={Sun, Yongbin and Liu, Zhijie and Zou, Yao and He, Xiuyu},
  journal={Aerospace Science and Technology},
  volume={124},
  pages={107528},
  year={2022},
  publisher={Elsevier}
}

@inproceedings{yuan2017study,
  title={Study on the controllability of a drogue for hose-drogue aerial refueling system},
  author={Yuan, Dongli and Zhao, Tao and Hou, Xiaolei and Cheng, Xiaoqin and Qu, Yaohong and Yan, Jianguo and Xing, Xiaojun},
  booktitle={2017 11th Asian Control Conference (ASCC)},
  pages={2592--2595},
  year={2017},
  organization={IEEE}
}

@article{wu2022predefined,
  title={Predefined-time sliding manifold-based fixed-time attitude stabilization control of receiver aircraft with measurement noises},
  author={Wu, Cihang and Yan, Jianguo and Wu, Xiwei and Guo, Yiming and Mou, Peng and Xiao, Bing},
  journal={Transactions of the Institute of Measurement and Control},
  volume={44},
  number={11},
  pages={2193--2203},
  year={2022},
  publisher={SAGE Publications Sage UK: London, England}
}

@article{wu2021predefined,
  title={Predefined-time attitude stabilization of receiver aircraft in aerial refueling},
  author={Wu, Cihang and Yan, Jianguo and Shen, Jiahe and Wu, Xiwei and Xiao, Bing},
  journal={IEEE Transactions on Circuits and Systems II: Express Briefs},
  volume={68},
  number={10},
  pages={3321--3325},
  year={2021},
  publisher={IEEE}
}

@article{ren2021additive,
  title={Additive-state-decomposition-based station-keeping control for autonomous aerial refueling},
  author={Ren, Jinrui and Quan, Quan and Ma, Haibiao and Cai, Kai-Yuan},
  journal={Science China Information Sciences},
  volume={64},
  number={11},
  pages={1--3},
  year={2021},
  publisher={Science China Press}
}

@article{jinrui2020docking,
  title={Docking control for probe-drogue refueling: An additive-state-decomposition-based output feedback iterative learning control method},
  author={Jinrui, REN and Quan, Quan and Cunjia, LIU and Kai-Yuan, CAI},
  journal={Chinese Journal of Aeronautics},
  volume={33},
  number={3},
  pages={1016--1025},
  year={2020},
  publisher={Elsevier}
}

@article{ren2019reliable,
  title={Reliable docking control scheme for probe--drogue refueling},
  author={Ren, Jinrui and Dai, Xunhua and Quan, Quan and Wei, Zi-Bo and Cai, Kai-Yuan},
  journal={Journal of Guidance, Control, and Dynamics},
  volume={42},
  number={11},
  pages={2511--2520},
  year={2019},
  publisher={American Institute of Aeronautics and Astronautics}
}


@inproceedings{chang2019robust,
  title={Robust Adaptive Control of Air-to-air Refueling Boom with State-dependent Output Constraints},
  author={Chang, Liang and Jia, Yingmin},
  booktitle={The 2019 International Conference on Artificial Life and Robotics (ICAROB2019)},
  pages={419--422},
  year={2019}
}


@inproceedings{yu2018wake,
  title={Wake Vortex Attenuation Control of Receiver UAV in Autonomous Aerial Refueling},
  author={Yu, Ziquan and Qu, Yaohong and Zhang, Youmin and Su, Chun-Yi and Zhang, Yintao},
  booktitle={2018 IEEE CSAA Guidance, Navigation and Control Conference (CGNCC)},
  pages={1--6},
  year={2018},
  organization={IEEE}
}


@article{duan2020bionic,
  title={Bionic visual control for probe-and-drogue autonomous aerial refueling},
  author={Duan, Haibin and Sun, Yongbin and Shi, Yuhui},
  journal={IEEE Transactions on Aerospace and Electronic Systems},
  volume={57},
  number={2},
  pages={848--865},
  year={2020},
  publisher={IEEE}
}

@article{liu2019novel,
  title={Novel docking controller for autonomous aerial refueling with probe direct control and learning-based preview method},
  author={Liu, Yiheng and Wang, Honglun and Fan, Jiaxuan},
  journal={Aerospace Science and Technology},
  volume={94},
  pages={105403},
  year={2019},
  publisher={Elsevier}
}

@article{liu2020docking,
  title={Docking Safety Assessment and Optimization for Autonomous Aerial Refueling: A Data-Driven Method},
  author={Liu, Yiheng and Wang, Honglun and Fan, Jiaxuan},
  journal={IEEE Systems Journal},
  volume={15},
  number={3},
  pages={4057--4068},
  year={2020},
  publisher={IEEE}
}


@inproceedings{ro2006aerodynamic,
  title={Aerodynamic investigations of Paradrogue assembly in aerial refueling system},
  author={Ro, Kapseong and Basaran, Emre},
  booktitle={44th AIAA Aerospace Sciences Meeting and Exhibit},
  pages={855},
  year={2006}
}


@article{katz2017aerodynamic,
  title={Aerodynamic aspects of unmanned aerial vehicle aerial refueling},
  author={Katz, Joseph},
  journal={Journal of Aircraft},
  volume={54},
  number={6},
  pages={2311--2316},
  year={2017},
  publisher={American Institute of Aeronautics and Astronautics}
}

@article{cavallo2019low,
  title={Low-order response surface model for simulating wake interference in aerial refueling},
  author={Cavallo, Peter A and O’Gara, Michael R and Shipman, Jeremy D},
  journal={Journal of Aircraft},
  volume={56},
  number={5},
  pages={1783--1793},
  year={2019},
  publisher={American Institute of Aeronautics and Astronautics}
}

@article{zhang2020tanker,
  title={Tanker wake effects on the trailing UAV in autonomous aerial refueling},
  author={Zhang, D and Chen, Y and Fu, X},
  journal={Journal of Applied Fluid Mechanics},
  volume={13},
  number={2},
  pages={629--637},
  year={2020}
}

@inproceedings{bhandari2013bow,
  title={Bow wave effect in probe and drogue aerial refuelling},
  author={Bhandari, Ujjar and Thomas, Peter R and Richardson, Thomas S},
  booktitle={AIAA Guidance, Navigation, and Control (GNC) Conference},
  pages={4695},
  year={2013}
}

@article{liu2020vibration,
  title={Vibration control for spatial aerial refueling hoses with bounded actuators},
  author={Liu, Zhijie and He, Xiuyu and Zhao, Zhijia and Ahn, Choon Ki and Li, Han-Xiong},
  journal={IEEE Transactions on Industrial Electronics},
  volume={68},
  number={5},
  pages={4209--4217},
  year={2020},
  publisher={IEEE}
}

@article{paniagua2021aeroelastic,
  title={Aeroelastic analysis of an air-to-air refueling hose--drogue system through an efficient novel mathematical model},
  author={Paniagua, K Salehi and Garc{\'\i}a-Fogeda, P and Ar{\'e}valo, F and Rodriguez, J Barrera},
  journal={Journal of Fluids and Structures},
  volume={100},
  pages={103164},
  year={2021},
  publisher={Elsevier}
}


@article{zhu2007modeling,
  title={Modeling and simulation of aerial refueling by finite element method},
  author={Zhu, ZH and Meguid, SA},
  journal={International Journal of Solids and Structures},
  volume={44},
  number={24},
  pages={8057--8073},
  year={2007},
  publisher={Elsevier}
}

@article{zhu2006elastodynamic,
  title={Elastodynamic analysis of low tension cables using a new curved beam element},
  author={Zhu, ZH and Meguid, SA},
  journal={International journal of solids and structures},
  volume={43},
  number={6},
  pages={1490--1504},
  year={2006},
  publisher={Elsevier}
}

@article{dai2019hose,
  title={Hose-drum-unit modeling and control for probe-and-drogue autonomous aerial refueling},
  author={Dai, Xunhua and Wei, Zi-Bo and Quan, Quan and Cai, Kai-Yuan},
  journal={IEEE Transactions on Aerospace and Electronic Systems},
  volume={56},
  number={4},
  pages={2779--2791},
  year={2019},
  publisher={IEEE}
}

@article{yin2022hose,
  title={Hose--Drogue Motion Estimation for Aerial Refueling Using Fluid and Rigid Dynamics},
  author={Yin, Shilong and Song, Yanping and Yu, Jianyang and Chen, Fu},
  journal={Journal of Aerospace Information Systems},
  volume={19},
  number={11},
  pages={705--716},
  year={2022},
  publisher={American Institute of Aeronautics and Astronautics}
}


@article{wu2021dynamic,
  title={Dynamic modeling and faster finite-time attitude stabilization of receiver aircraft for aerial refueling},
  author={Wu, Cihang and Hui, Jiapeng and Yan, Jianguo and Guo, Yiming and Xiao, Bing},
  journal={Nonlinear Dynamics},
  volume={104},
  number={1},
  pages={467--481},
  year={2021},
  publisher={Springer}
}

@article{su2016robust,
  title={A robust back-stepping based trajectory tracking controller for the tanker with strict posture constraints under unknown flow perturbations},
  author={Su, Zikang and Wang, Honglun and Shao, Xingling and Huang, Yu},
  journal={Aerospace Science and Technology},
  volume={56},
  pages={34--45},
  year={2016},
  publisher={Elsevier}
}


@article{doebbler2007boom,
  title={Boom and receptacle autonomous air refueling using visual snake optical sensor},
  author={Doebbler, James and Spaeth, Theresa and Valasek, John and Monda, Mark J and Schaub, Hanspeter},
  journal={Journal of Guidance, Control, and Dynamics},
  volume={30},
  number={6},
  pages={1753--1769},
  year={2007}
}

@article{quan2014survey,
  title={A survey on modeling and control problems for probe and drogue autonomous aerial refueling at docking stage},
  author={Quan, Quan and Wei, ZB and Gao, Jun and Zhang, RF and Cai, KY},
  journal={Acta Aeronautica et Astronautica Sinica},
  volume={35},
  number={9},
  pages={2390--2410},
  year={2014}
}


@article{liu2016dynamic,
  title={Dynamic modeling and vibration control of a flexible aerial refueling hose},
  author={Liu, Zhijie and Liu, Jinkun and He, Wei},
  journal={Aerospace Science and Technology},
  volume={55},
  pages={92--102},
  year={2016},
  publisher={Elsevier}
}

@article{su2018anti,
  title={Anti-disturbance rapid vibration suppression of the flexible aerial refueling hose},
  author={Su, Zikang and Wang, Honglun and Li, Na},
  journal={Mechanical Systems and Signal Processing},
  volume={104},
  pages={87--105},
  year={2018},
  publisher={Elsevier}
}

@article{nichols2014aerial,
  title={Aerial rendezvous of small unmanned aircraft using a passive towed cable system},
  author={Nichols, Joseph W and Sun, Liang and Beard, Randal W and McLain, Timothy},
  journal={Journal of Guidance, Control, and Dynamics},
  volume={37},
  number={4},
  pages={1131--1142},
  year={2014},
  publisher={American Institute of Aeronautics and Astronautics}
}

@inproceedings{hayashibara2006simulation,
  title={Simulation-based design ({SBD}) applications for a mid-air aerial refueling paradrogue system},
  author={Hayashibara, Shigeo and Austin, James and Reed, Eric and Najaka, Robert},
  booktitle={6th AIAA Aviation Technology, Integration and Operations Conference (ATIO)},
  series = {AIAA 2006-7770},
  year={2006}
}

@article{kuk2013design,
  title={Design, test and evaluation of an actively stabilised drogue refuelling system},
  author={Kuk, T and Ro, K},
  journal={The Aeronautical Journal},
  volume={117},
  number={1197},
  pages={1103--1118},
  year={2013},
  publisher={Cambridge University Press}
}

@inproceedings{styuart2011numerical,
  title={Numerical simulation of hose whip phenomenon in aerial refueling},
  author={Styuart, Andrey and Gaston, Robert and Yamashiro, Hisako and Stirling, Robert and Mor, Marat},
  booktitle={AIAA Atmospheric Flight Mechanics Conference},
  series = {AIAA 2011-6211},
  year={2011}
}

@inproceedings{vassberg2002dynamic,
  title={Dynamic characteristics of a {KC}-10 wing-pod refueling hose by numerical simulation},
  author={Vassberg, John and Yeh, David and Blair, Andrew and Evert, Jacob},
  booktitle={20th AIAA Applied Aerodynamics Conference},
  series = {AIAA 2002-2712},
  year={2002}
}

@article{bloy2002modelling,
  title={Modelling of the hose and drogue in air-to-air refuelling},
  author={Bloy, AW and Khan, MM},
  journal={The Aeronautical Journal},
  volume={106},
  number={1055},
  pages={17--26},
  year={2002},
  publisher={Cambridge University Press}
}

@article{an2018relative,
  title={Relative position control design of receiver {UAV} in flying-boom aerial refueling phase},
  author={An, Shuai and Yuan, Suozhong},
  journal={ISA transactions},
  volume={73},
  pages={40--53},
  year={2018},
  publisher={Elsevier}
}

@book{brian2003aircraft,
  title={Aircraft control and simulation},
  author={Brian, L Stevens and Frank, L Lewis},
  publisher={John Wiley \& Sons, Inc., Hoboken, New Jersey},
  year={2003}
}

@article{bloy2001modeling,
  title={Modeling of the receiver aircraft in air-to-air refueling},
  author={Bloy, AW and Khan, MM},
  journal={Journal of aircraft},
  volume={38},
  number={2},
  pages={393--396},
  year={2001}
}

@inproceedings{barfield2005equivalent,
  title={An equivalent model for {UAV} automated aerial refueling research},
  author={Barfield, Arthur and Hinchman, Jacob},
  booktitle={AIAA Modeling and Simulation Technologies Conference and Exhibit},
  series={AIAA 2005-6006},
  year={2005}
}

@article{guo2011modeling,
  title={Modeling and control of UCAV with varying mass in autonomous aerial refueling},
  author={Guo, Jun and Dong, Xin-Min and Wang, Long and Li, Hong-Bo},
  journal={Flight Dynamics},
  volume={29},
  number={6},
  pages={36--40},
  year={2011},
  publisher={Flight Dynamics Journal Office, 73 Box Xi'an Shaanxi 710089 China}
}

@article{benvenuti1994approximate,
  title={Approximate output tracking for nonlinear non-minimum phase systems with an application to flight control},
  author={Benvenuti, L and Di Benedetto, Maria D and Grizzle, Jessy W},
  journal={International Journal of Robust and Nonlinear Control},
  volume={4},
  number={3},
  pages={397--414},
  year={1994},
  publisher={Wiley Online Library}
}

@article{hoagg2007nonminimum,
  title={Nonminimum-phase zeros-much to do about nothing-classical control-revisited part {II}},
  author={Hoagg, Jesse B and Bernstein, Dennis S},
  journal={IEEE control Systems},
  volume={27},
  number={3},
  pages={45--57},
  year={2007},
  publisher={IEEE}
}

@article{cambone2005unmanned,
  title={Unmanned aircraft systems roadmap 2005-2030},
  author={Cambone, Stephen A and Krieg, Kenneth J and Pace, Peter and Linton, W},
  journal={Office of the Secretary of Defense},
  volume={8},
  pages={4--15},
  year={2005}
}

@article{bennington2005aerial,
  title={Aerial refueling implications for commercial aviation},
  author={Bennington, Matthew A and Visser, Kenneth D},
  journal={Journal of Aircraft},
  volume={42},
  number={2},
  pages={366--375},
  year={2005}
}

@inproceedings{wilson2015guidance,
  title={Guidance and Navigation for {UAV} Airborne Docking},
  author={Wilson, Daniel Briggs and G{\"o}ktogan, Ali and Sukkarieh, Salah},
  booktitle={Proc. Robotics: Science and Systems},
  pages={1--9},
  year={2015}
}

@inproceedings{blake2004uav,
  title={{UAV aerial refueling-wind tunnel results and comparison with analytical predictions}},
  author={Blake, William and Dickes, Edward and Gingras, David},
  booktitle={AIAA Atmospheric Flight Mechanics Conference and Exhibit},
  series = {AIAA 2004-4820},
  year={2004}
}

@article{su2017back,
  title={Back-stepping based anti-disturbance flight controller with preview methodology for autonomous aerial refueling},
  author={Su, Zikang and Wang, Honglun and Yao, Peng and Huang, Yu and Qin, Yong},
  journal={Aerospace Science and Technology},
  volume={61},
  pages={95--108},
  year={2017},
  publisher={Elsevier}
}

@article{mammarella2008machine,
  title={{Machine vision/GPS integration using EKF for the UAV aerial refueling problem}},
  author={Mammarella, Marco and Campa, Giampiero and Napolitano, Marcello R and Fravolini, Mario L and Gu, Yu and Perhinschi, Mario G},
  journal={IEEE Transactions on Systems, Man, and Cybernetics, Part C (Applications and Reviews)},
  volume={38},
  number={6},
  pages={791--801},
  year={2008},
  publisher={IEEE}
}


@article{he2017command,
  title={Command filtered backstepping sliding mode control for the hose whipping phenomenon in aerial refueling},
  author={He, Qiusheng and Wang, Haitao and Chen, Yufeng and Xu, Ming and Jin, Wanfeng},
  journal={Aerospace Science and Technology},
  volume={67},
  pages={495--505},
  year={2017},
  publisher={Elsevier}
}

@article{yue2016numerical,
  title={Numerical simulation of the aerodynamic influence of an aircraft on the hose-refueling system during aerial refueling operations},
  author={Yue, Kuizhi and Cheng, Liangliang and Zhang, Tieying and Ji, Jinzu and Yu, Dazhao},
  journal={Aerospace Science and Technology},
  volume={49},
  pages={34--40},
  year={2016},
  publisher={Elsevier}
}


@inproceedings{Nalepka-2005-1,
  title={Automated aerial refueling: extending the effectiveness of unmanned air vehicles},
  author={Nalepka, Joseph P and Hinchman, Jacob L},
  booktitle={AIAA Modeling and Simulation Technologies Conference and Exhibit},
  series={AIAA 2005-6005},
  year={Aug. 2005},
  DOI={10.2514/6.2005-6005}
}

@techreport{moorhouse1982background,
  title={Background information and user guide for MIL-F-8785C, military specification-flying qualities of piloted airplanes},
  author={Moorhouse, David J and Woodcock, Robert J},
  year={July. 1982},
  institution={U.S. Air Force Wright Aeronautical Labs, Wright–Patterson AFB, OH},
  number={AFWAL-TR-81-3109}
}



@article{ro2011dynamics,
  title={Dynamics and control of hose-drogue refueling systems during coupling},
  author={Ro, Kapseong and Kuk, Taeseung and Kamman, James W},
  journal={Journal of Guidance, Control, and Dynamics},
  volume={34},
  number={6},
  pages={1694--1708},
  year={2011}
}

@inproceedings{dogan2005flight,
  title={Flight control and simulation for aerial refueling},
  author={Dogan, Atilla and Sato, Shinya and Blake, William},
  booktitle={AIAA guidance, navigation, and control conference and exhibit},
  series={AIAA 2005-6264},
  year={Aug. 2005}
}


@inproceedings{wang2009l1,
  title={L1 adaptive augmentation of gain-scheduled controller for racetrack maneuver in aerial refueling},
  author={Wang, Jiang and Hovakimyan, Naira and Cao, Chengyu},
  booktitle={AIAA Guidance, Navigation, and Control Conference},
  series={AIAA 2009-5739},
  year={Aug. 2009}
}


@article{wang2008novel,
  title={Novel {L1} adaptive control methodology for aerial refueling with guaranteed transient performance},
  author={Wang, Jiang and Patel, Vijay V and Cao, Chengyu and Hovakimyan, Naira and Lavretsky, Eugene},
  journal={Journal of guidance, control, and dynamics},
  volume={31},
  number={1},
  pages={182--193},
  year={2008}
}

@inproceedings{Dibley-2007-2,
   author = {Dibley, Ryan P and Allen, Michael J and Nabaa, Nassib},
   title = {{Autonomous airborne refueling demonstration phase I flight-test results}},
   booktitle = {AIAA Atmospheric Flight Mechanics Conference and Exhibit},
   series = {AIAA 2007-6639},
  year={Aug. 2007},
  DOI={10.2514/6.2007-6639}
}

@TECHREPORT{NATO-2004-3,
  author =       {NATO},
  title =        {ATP-56(B) Air-to-Air Refuelling},
  institution =  {NATO},
  type =         {Tech. rep.},
  year =         {2010},
}

@article{Waishek2009Derivation,
   author = {Waishek, Jayme and Dogan, Atilla and Blake, William},
   title = {Derivation of the Dynamics Equations of Receiver Aircraft in Aerial Refueling},
   journal = {Journal of Guidance, Control, and Dynamics},
   volume = {32},
   number = {2},
   pages = {586-598},
   ISSN = {0731-5090},
   DOI = {10.2514/1.35892},
   year = {2009},
   type = {Journal Article}
}


@article{AAR-2014,
  title={Advances in air to air refuelling},
  author={Thomas, Peter R and Bhandari, Ujjar and Bullock, Steve and Richardson, Thomas S and Du Bois, Jonathan L},
  journal={Progress in Aerospace Sciences},
  volume={71},
  pages={14--35},
  year={2014},
  publisher={Elsevier},
  DOI={10.1016/j.paerosci.2014.07.001}
}

@article{Dogan-2013-7,
  title={Bow Wave Effect in Aerial Refueling: Computational Analysis and Modeling},
  author={Dogan, Atilla and Blake, William and Haag, Christian},
  journal={Journal of Aircraft},
  volume={50},
  number={6},
  pages={1856--1868},
  year={2013},
  publisher={AIAA},
  DOI={10.2514/1.C032165}
}

@article{Vortex-1,
  title={Flight data analysis and simulation of wind effects during aerial refueling},
  author={Dogan, Atilla and Lewis, Timothy A and Blake, William},
  journal={Journal of Aircraft},
  volume={45},
  number={6},
  pages={2036--2048},
  year={2008},
  DOI={10.2514/1.36797}
}

@inproceedings{Hansen-2004-4,
  title={{The NASA dryden AAR project: a flight test approach to an aerial refueling system}},
  author={Hansen, Jennifer L and Murray, James E and Campos, Norma Viviana},
	booktitle = {AIAA Atmospheric Flight Mechanics Conference and Exhibit},  
  year={Aug. 2004},
	series={AIAA 2004-4939},  
  DOI={10.2514/6.2004-4939}
}

@inproceedings{Ro-2010-5,
  title={Active Control of Aerial Refueling Hose-Drogue Systems},
  author={Ro, Kapseong and Kuk, Taeseung and Kamman, James W},
  booktitle={AIAA Guidance, Navigation, and Control Conference},
  series={AIAA 2010-8400},
  year={Aug. 2010},
  DOI={10.2514/6.2010-8400}
}

@inproceedings{Bhandari-2013-8,
  title={Bow Wave Effect in Probe and Drogue Aerial Refuelling},
  author={Bhandari, Ujjar and Thomas, Peter R and Bullock, Steve and Richardson, Thomas S and du Bois, Jonathan Luke},
  booktitle={AIAA Guidance, Navigation, and Control Conference},
  year={Aug. 2013},
	series={AIAA 2013-4695},
  DOI={10.2514/6.2013-4695}
}


@inproceedings{Khan-2014-9,
  author={Khan, Omer and Masud, Jehanzeb},
  title={Trajectory analysis of basket engagement during aerial refueling},
  booktitle = {AIAA Atmospheric Flight Mechanics Conference},
  DOI = {10.2514/6.2014-0190},
	series={AIAA 2014-0190},
  year = {Jan. 2014},
}

@article{dai2018terminal,
  title={Terminal iterative learning control for autonomous aerial refueling under aerodynamic disturbances},
  author={Dai, Xunhua and Quan, Quan and Ren, Jinrui and Xi, Zhiyu and Cai, Kai-Yuan},
  journal={Journal of Guidance, Control, and Dynamics},
  volume={41},
  number={7},
  pages={1577--1584},
  year={2018},
  publisher={American Institute of Aeronautics and Astronautics}
}

@inproceedings{Dogan-2010-6,
  title={Modeling of bow wave effect in aerial refueling},
  author={Dogan, Atilla and Blake, William},
  booktitle={AIAA Atmospheric Flight Mechanics Conference, Toronto, Canada},
  year={Aug. 2010},
	series={AIAA 2010-7926},  
  DOI={10.2514/6.2010-7926}
}

@book{AirContrl,
  title={Aircraft Control and Simulation},
  author={Stevens, Brian L and Lewis, Frank L},
  year={2004},
  publisher={John Wiley \& Sons},
  DOI={10.1108/aeat.2004.12776eae.001}
}

@article{Drg-Aero-Charact,
  title={Aerodynamic characteristics of paradrogue assembly in an aerial refueling system},
  author={Ro, Kapseong and Basaran, Emre and Kamman, James W},
  journal={Journal of Aircraft},
  volume={44},
  number={3},
  pages={963--970},
  year={2007},
  DOI={10.2514/1.26489}
}

@article{hose-link-model,
  title={Modeling and simulation of hose-paradrogue aerial refueling systems},
  author={Ro, Kapseong and Kamman, James W},
  journal={Journal of Guidance, Control, and Dynamics},
  volume={33},
  number={1},
  pages={53--63},
  year={2010},
  DOI={10.2514/1.45482}
}

@article{RecDynamic-2009,
  title={Derivation of the dynamics equations of receiver aircraft in aerial refueling},
  author={Waishek, Jayme and Dogan, Atilla and Blake, William},
  journal={Journal of Guidance, Control, and Dynamics},
  volume={32},
  number={2},
  pages={586--598},
  year={2009},
  DOI={10.2514/1.35892}
}

@book{Rauscher-1953,
  title={Introduction to aeronautical dynamics},
  author={Rauscher, Manfred},
  year={1953},
  publisher={Wiley}
}

@article{pud-drogue,
  title={Controllable drogue for automated aerial refueling},
  author={Williamson, Walton R and Reed, Eric and Glenn, Gregory J and Stecko, Stephen M and Musgrave, Jeffrey and Takacs, John M},
  journal={Journal of Aircraft},
  volume={47},
  number={2},
  pages={515--527},
  year={2010},
  DOI={10.2514/1.44758}
}

@inproceedings{HoseLink-2007,
  title={Dynamic modeling of an aerial refueling hose \& drogue system},
  author={Ribbens, William and Saggio, Frank and Wierenga, Rodney and Feldmann, Mike},
  booktitle={25th AIAA Applied Aerodynamics Conference},
	series={AIAA 2007-3802},
  year={Jun. 2007},
  DOI={10.2514/6.2007-3802}
}

@article{F16model,
  title={Non-linear F-16 simulation using Simulink and Matlab},
  author={Russell, Richard S},
  journal={University of Minnesota, Tech. paper},
  year={2003}
}

@article{wang2010model,
  title={Model predictive control with learning-type set-point: Application to artificial pancreatic $\beta$-cell},
  author={Wang, Youqing and Zisser, Howard and Dassau, Eyal and Jovanovi{\v{c}}, Lois and Doyle, Francis J},
  journal={AIChE Journal},
  volume={56},
  number={6},
  pages={1510--1518},
  year={2010},
  publisher={Wiley Online Library},
  DOI={10.1002/aic.12081}
}

@article{wang2009survey,
  title={Survey on iterative learning control, repetitive control, and run-to-run control},
  author={Wang, Youqing and Gao, Furong and Doyle, Francis J},
  journal={Journal of Process Control},
  volume={19},
  number={10},
  pages={1589--1600},
  year={2009},
  publisher={Elsevier},
  DOI={10.1016/j.jprocont.2009.09.006}
}


@article{dai2016modeling,
  title={Modeling and simulation of bow wave effect in probe and drogue aerial refueling},
  author={Dai, Xunhua and Wei, Zi-Bo and Quan, Quan},
  journal={Chinese Journal of Aeronautics},
  volume={29},
  number={2},
  pages={448--461},
  year={2016},
  publisher={Elsevier},
  DOI={10.1016/j.cja.2016.02.001}
}

@article{dai2018iterative,
  title={{Iterative learning control and initial value estimation for probe--drogue autonomous aerial refueling of UAVs}},
  author={Dai, Xunhua and Quan, Quan and Ren, Jinrui and Cai, Kai-Yuan},
  journal={Aerospace Science and Technology},
  volume={82},
  pages={583--593},
  year={2018},
  publisher={Elsevier}
}

@article{wei2016drogue,
  title={Drogue dynamic model under bow wave in probe-and-drogue refueling},
  author={Wei, Zi-Bo and Dai, Xunhua and Quan, Quan and Cai, Kai-Yuan},
  journal={IEEE Transactions on Aerospace and Electronic Systems},
  volume={52},
  number={4},
  pages={1728--1742},
  year={2016},
  publisher={IEEE},
  DOI={10.1109/TAES.2016.140912}
}

@inproceedings{zibo2012research,
  title={Research on relationship between drogue position and interference force for probe-drogue aerial refueling system based on link-connected model [{In Chinese}]},
  author={Wei, Zi-Bo and Quan, Quan and Cai, Kai-Yuan},
  booktitle={Control Conference (CCC), 2012 31st Chinese},
  pages={1777--1782},
  year={2012},
  organization={IEEE}
}

@article{hou2011terminal,
  title={Terminal iterative learning control based station stop control of a train},
  author={Hou, Zhongsheng and Wang, Yi and Yin, Chenkun and Tang, Tao},
  journal={International Journal of Control},
  volume={84},
  number={7},
  pages={1263--1274},
  year={2011},
  publisher={Taylor \& Francis},
  DOI={10.1080/00207179.2011.569030}
}

@book{chen1999iterative,
  title={Iterative learning control: convergence, robustness and applications},
  author={Chen, Yangquan and Wen, Changyun},
  year={1999},
  publisher={Springer-Verlag},
  DOI={10.1007/BFb0110114}
}

@article{chi2014improved,
  title={Improved data-driven optimal TILC using time-varying input signals},
  author={Chi, Ronghu and Hou, Zhongsheng and Jin, Shangtai and Wang, Danwei},
  journal={Journal of Process Control},
  volume={24},
  number={12},
  pages={78--85},
  year={2014},
  publisher={Elsevier},
  DOI={10.1016/j.jprocont.2014.07.007}
}

@inproceedings{arimoto2007iterative,
  title={Iterative learning of specified motions in task-space for redundant multi-joint hand-arm robots},
  author={Arimoto, Suguru and Sekimoto, Masahiro and Kawamura, Sadao},
  booktitle={Robotics and Automation, 2007 IEEE International Conference},
  pages={2867--2873},
  year={2007},
  organization={IEEE},
  DOI={10.1109/ROBOT.2007.363906}
}

@article{russell2003non,
  title={Non-linear F-16 simulation using Simulink and Matlab},
  author={Russell, Richard S},
  journal={University of Minnesota, Tech. paper},
  year={2003}
}

@article{lee2013estimation,
  title={Estimation of receiver aircraft states and wind vectors in aerial refueling},
  author={Lee, Je Hyeon and Sevil, Hakki Erhan and Dogan, Atilla and Hullender, David},
  journal={Journal of Guidance, Control, and Dynamics},
  volume={37},
  number={1},
  pages={265--276},
  year={2013},
  publisher={AIAA},
  DOI={10.2514/1.59783}
}

@article{tandale2006trajectory,
  title={Trajectory tracking controller for vision-based probe and drogue autonomous aerial refueling},
  author={Tandale, Monish D and Bowers, Roshawn and Valasek, John},
  journal={Journal of Guidance, Control, and Dynamics},
  volume={29},
  number={4},
  pages={846--857},
  year={2006},
  DOI={10.2514/1.19694}
}


@article{chen1999linear,
  title={Linear system theory and design: Oxford University Press},
  author={Chen, CT},
  journal={New York, USA},
  year={1999}
}


@article{bristow2006survey,
  title={A survey of iterative learning control},
  author={Bristow, Douglas A and Tharayil, Marina and Alleyne, Andrew G},
  journal={IEEE Control Systems},
  volume={26},
  number={3},
  pages={96--114},
  year={2006},
  publisher={IEEE},
  DOI={10.1109/MCS.2006.1636313}
}

@article{ahn2007iterative,
  title={Iterative learning control: Brief survey and categorization},
  author={Ahn, Hyo-Sung and Chen, YangQuan and Moore, Kevin L},
  journal={IEEE Transactions on Systems, Man, and Cybernetics, Part C (Applications and Reviews)},
  volume={37},
  number={6},
  pages={1099--1121},
  year={2007},
  publisher={IEEE},
  DOI={10.1109/TSMCC.2007.905759}
}



@inproceedings{zhu2016vision,
  title={{Vision/GPS-based docking control for the UAV Autonomous Aerial Refueling}},
  author={Zhu, Hu and Yuan, Suozhong and Shen, Qian},
  booktitle={Guidance, Navigation and Control Conference (CGNCC), 2016 IEEE Chinese},
  pages={1211--1215},
  year={2016},
  organization={IEEE},
  DOI={10.1109/CGNCC.2016.7828960}
}
@article{liu2017modeling,
  title={Modeling and vibration control of a flexible aerial refueling hose with variable lengths and input constraint},
  author={Liu, Zhijie and Liu, Jinkun and He, Wei},
  journal={Automatica},
  volume={77},
  pages={302--310},
  year={2017},
  publisher={Elsevier},
  DOI={10.1016/j.automatica.2016.11.002}
}

@article{valasek2005vision,
  title={Vision-based sensor and navigation system for autonomous air refueling},
  author={Valasek, John and Gunnam, Kiran and Kimmett, Jennifer and Junkins, John L and Hughes, Declan and Tandale, Monish D},
  journal={Journal of Guidance, Control, and Dynamics},
  volume={28},
  number={5},
  pages={979--989},
  year={2005},
  DOI={10.2514/1.11934}
}




@book{ducard2009fault,
  title={Fault-tolerant flight control and guidance systems: Practical methods for small unmanned aerial vehicles},
  author={Ducard, Guillaume JJ},
  year={2009},
  publisher={Springer Science \& Business Media}
}


@book{murray2017mathematical,
  title={A mathematical introduction to robotic manipulation},
  author={Murray, Richard M},
  year={2017},
  publisher={CRC press}
}


@article{wang2017approach,
  title={An Approach to Mathematical Modeling and Estimation of Probe-Drogue Docking Success Probability for UAV Autonomous Aerial Refueling},
  author={Wang, Xufeng and Li, Jianmin and Kong, Xingwei and Dong, Xinmin and Zhang, Bo},
  journal={International Journal of Aerospace Engineering},
  volume={2017},
  year={2017},
  publisher={Hindawi}
}

@article{ding2012reachability,
  title={Reachability calculations for vehicle safety during manned/unmanned vehicle interaction},
  author={Ding, Jerry and Sprinkle, Jonathan and Tomlin, Claire J and Sastry, S Shankar and Paunicka, James L},
  journal={Journal of Guidance, Control, and Dynamics},
  volume={35},
  number={1},
  pages={138--152},
  year={2012}
}

@article{li2010uav,
  title={UAV flight control in automated aerial refueling},
  author={Li, Da-wei and Wang, Hong-lun},
  journal={Journal of System Simulation},
  volume={22},
  number={1},
  pages={126--130},
  year={2010},
}

@misc{Vedio1,          
title = {J-10 fails in the first aerial refueling test with the probe being broken[Z/OL]},
month = {July},          
year = {2012},     
note = {\url{$https://v.youku.com/v_show/id_XNDI0MDg3ODQw.html$}}, 
}

@misc{Vedio2,          
title = {A failed aerial refueling of a fighter[Z/OL]},
month = {March},          
year = {2008},     
note = {\url{$http://v.youku.com/v_show/id_XMjE0Njk5ODA=.html$}}, 
}


@book{Sun1999Iterative,
  title={ Iterative learning control},
  author={Sun M X, Huang B J},
  year={1999},
  pages={17--63},
  publisher={Beijing: National Defense Industry Press},
}

@book{Lin1998Iterative,
  title={ Iterative learning control theory},
  author={Lin H, Wang L},
  year={1998},
  pages={24--61},
  publisher={Xi’an: Northwestern Polytechnical University Press},
}

@article{liu2016dynamic,
  title={Dynamic modeling and vibration control of a flexible aerial refueling hose},
  author={Liu, Zhijie and Liu, Jinkun and He, Wei},
  journal={Aerospace Science and Technology},
  volume={55},
  pages={92--102},
  year={2016},
  publisher={Elsevier}
}

@article{sun2018fractional,
  title={Fractional-order controllers optimized via heterogeneous comprehensive learning pigeon-inspired optimization for autonomous aerial refueling hose--drogue system},
  author={Sun, Yongbin and Duan, Haibin and Xian, Ning},
  journal={Aerospace Science and Technology},
  volume={81},
  pages={1--13},
  year={2018},
  publisher={Elsevier}
}


@article{tsukerman2018optimal,
  title={Optimal Rendezvous Guidance Laws with Application to Civil Autonomous Aerial Refueling},
  author={Tsukerman, A and Weiss, M and Shima, T and L{\"o}bl, D and Holzapfel, F},
  journal={Journal of Guidance, Control, and Dynamics},
  volume={41},
  number={5},
  pages={1167--1174},
  year={2018},
  publisher={American Institute of Aeronautics and Astronautics}
}

@article{su2018anti,
  title={Anti-disturbance rapid vibration suppression of the flexible aerial refueling hose},
  author={Su, Zikang and Wang, Honglun and Li, Na},
  journal={Mechanical Systems and Signal Processing},
  volume={104},
  pages={87--105},
  year={2018},
  publisher={Elsevier}
}

@article{nichols2014aerial,
  title={Aerial rendezvous of small unmanned aircraft using a passive towed cable system},
  author={Nichols, Joseph W and Sun, Liang and Beard, Randal W and McLain, Timothy},
  journal={Journal of Guidance, Control, and Dynamics},
  volume={37},
  number={4},
  pages={1131--1142},
  year={2014},
  publisher={American Institute of Aeronautics and Astronautics}
}

@article{yu2018fault,
  title={Fault-Tolerant Control for Autonomous Aerial Refueling against Actuator Fault in Receiver UAV},
  author={Yu, Ziquan and Zhang, Youmin and Qu, Yaohong},
  journal={IFAC-PapersOnLine},
  volume={51},
  number={24},
  pages={274--279},
  year={2018},
  publisher={Elsevier}
}

@article{luo2014guidance,
  title={A guidance law for UAV autonomous aerial refueling based on the iterative computation method},
  author={Luo, Delin and Xie, Rongzeng and Duan, Haibin},
  journal={Chinese Journal of Aeronautics},
  volume={27},
  number={4},
  pages={875--883},
  year={2014},
  publisher={Elsevier}
}

@article{sevil2015fault,
  title={Fault diagnosis in air data sensors for receiver aircraft in aerial refueling},
  author={Sevil, Hakki Erhan and Dogan, Atilla},
  journal={Journal of Guidance, Control, and Dynamics},
  volume={38},
  number={10},
  pages={1959--1975},
  year={2015},
  publisher={American Institute of Aeronautics and Astronautics}
}

@article{liu2018deep,
  title={Deep learning based trajectory optimization for UAV aerial refueling docking under bow wave},
  author={Liu, Yiheng and Wang, Honglun and Su, Zikang and Fan, Jiaxuan},
  journal={Aerospace Science and Technology},
  volume={80},
  pages={392--402},
  year={2018},
  publisher={Elsevier}
}

@article{guo2010design,
  title={Design of UAV autonomous controller for formation in aerial refueling},
  author={Guo, Jun and Dong, Xin-Min and Liao, Kai-Jun and Li, Hong-Bo},
  journal={Flight Dynamics},
  volume={28},
  number={6},
  pages={36--40},
  year={2010},
  publisher={Flight Dynamics Journal Office, 73 Box Xi'an Shaanxi 710089 People's People~…}
}

@article{kriel2013receptacle,
  title={Receptacle normal position control for automated aerial refueling},
  author={Kriel, SC and Engelbrecht, JAA and Jones, T},
  journal={Aerospace Science and Technology},
  volume={29},
  number={1},
  pages={296--304},
  year={2013},
  publisher={Elsevier}
}

@inproceedings{sun2013uav,
  title={The UAV autonomous aerial refueling controller based on predictor auto disturbances rejection method},
  author={Sun, Xun and Zhang, Xin Guo},
  booktitle={Applied Mechanics and Materials},
  volume={380},
  pages={347--352},
  year={2013},
  organization={Trans Tech Publ}
}

@inproceedings{elliott2009improving,
  title={Improving receiver station-keeping in aerial refueling by formulating tanker motion as disturbance},
  author={Elliott, Christopher and Dogan, Atilla},
  booktitle={AIAA Atmospheric Flight Mechanics Conference},
  pages={5602},
  year={2009}
}

@article{pachter1997design,
  title={DESIGN OF AN AIR-TO-AIR AUTOMATIC REFUELING FLIGHT CONTROL SYSTEM USING QUANTITATIVE FEEDBACK THEORY},
  author={Pachter, M and Houpis, CH and Trosen, DW},
  journal={International Journal of Robust and Nonlinear Control: IFAC-Affiliated Journal},
  volume={7},
  number={6},
  pages={561--580},
  year={1997},
  publisher={Wiley Online Library}
}

@inproceedings{ross2006autonomous,
  title={Autonomous aerial refueling based on the tanker reference frame},
  author={Ross, Steven M and Pachter, Meir and Jacques, David R and Kish, Brian A and Millman, Daniel R},
  booktitle={Aerospace Conference, 2006 IEEE},
  pages={22--pp},
  year={2006},
  organization={IEEE}
}

@article{su2018exact,
  title={Exact docking flight controller for autonomous aerial refueling with back-stepping based high order sliding mode},
  author={Su, Zikang and Wang, Honglun and Li, Na and Yu, Yue and Wu, Jianfa},
  journal={Mechanical Systems and Signal Processing},
  volume={101},
  pages={338--360},
  year={2018},
  publisher={Elsevier}
}

@article{su2018probe,
  title={Probe motion compound control for autonomous aerial refueling docking},
  author={Su, Zikang and Wang, Honglun},
  journal={Aerospace Science and Technology},
  volume={72},
  pages={1--13},
  year={2018},
  publisher={Elsevier}
}

@inproceedings{elliott2010investigating,
  title={Investigating nonlinear control architecture options for aerial refueling},
  author={Elliott, Christopher and Dogan, Atilla},
  booktitle={AIAA Atmospheric Flight Mechanics Conference},
  pages={7927},
  year={2010}
}

@inproceedings{stepanyan2004aerial,
  title={Aerial refueling autopilot design methodology: application to F-16 aircraft model},
  author={Stepanyan, Vahram and Lavretsky, Eugene and Hovakimyan, Naira},
  booktitle={AIAA Guidance, Navigation, and Control Conference and Exhibit},
  pages={5321},
  year={2004}
}

@article{gai2012trajectory,
  title={Trajectory tracking for automated aerial refueling based on adaptive dynamic inversion},
  author={Gai, W and Wang, H and Li, D},
  journal={Journal of Beijing University of Aeronautics and Astronautics},
  volume={38},
  number={5},
  pages={585--590},
  year={2012}
}

@article{wang2011precise,
  title={Precise docking control in unmanned aircraft vehicle automated aerial refueling},
  author={Wang, Honglun and Du, Yi and Gai, Wendong},
  journal={Journal of Beijing University of Aeronautics and Astronautics},
  volume={37},
  number={7},
  pages={822--826},
  year={2011},
  publisher={Beijing University of Aeronautics and Astronautics, 37 Xueyuan Rd. Beijing~…}
}

@article{specification1980flying,
  title={MIL-F-8785C Flying qualities of piloted airplanes},
  author={Specification, Military},
  journal={United States Department of Defense},
  year={1980}
}

@inproceedings{rehan2012robust,
  title={Robust formation control for aerial refueling},
  author={Rehan, Muhammad and Khan, Zeashan H},
  booktitle={Robotics and Artificial Intelligence (ICRAI), 2012 International Conference on},
  pages={11--18},
  year={2012},
  organization={IEEE}
}

@inproceedings{murillo2008comparison,
  title={Comparison of autonomous aerial refueling controllers using reduced order models},
  author={Murillo, Oscar and Lu, Ping},
  booktitle={AIAA Guidance, Navigation and Control Conference and Exhibit},
  pages={6790},
  year={2008}
}

@inproceedings{dogan2009effects,
  title={Effects of mass and size on control of large receiver in aerial refueling},
  author={Dogan, Atilla and Elliott, Christopher and Riley, Fransell and Blake, William},
  booktitle={AIAA Atmospheric Flight Mechanics Conference},
  pages={5927},
  year={2009}
}

@mastersthesis{liu2012research,
  title={Research on flight control technology of the receiver aircraft in probe-and-drogue autonomous aerial refueling},
  author={Liu Z},
  year={2012},
  school={Nanjing: College of Automation Engineering, Nanjing University of Aeronautics and Astronautics}
}

@article{valasek2017fault,
  title={Fault-Tolerant Adaptive Model Inversion Control for Vision-Based Autonomous Air Refueling},
  author={Valasek, John and Famularo, Douglas and Marwaha, Monika},
  journal={Journal of Guidance, Control, and Dynamics},
  volume={40},
  number={6},
  pages={1336--1347},
  year={2017},
  publisher={American Institute of Aeronautics and Astronautics}
}

@inproceedings{ochi2005flight,
  title={Flight control for automatic aerial refueling via PNG and LOS angle control},
  author={Ochi, Yoshimasa and Kominami, Takeshi},
  booktitle={AIAA Guidance, Navigation, and Control Conference and Exhibit},
  pages={6268},
  year={2005}
}

@article{liu2011flight,
  title={Flight control of receiver aircraft in Probe-and-drogue aerial refueling},
  author={Liu Z, Yuan S Z, Zhou C H.},
  journal={Science Technology and Engineering},
  volume={11},
  number={8},
  pages={1755-1761},
  year={2011}
}

@article{fravolini2004modeling,
  title={Modeling and control issues for autonomous aerial refueling for UAVs using a probe-drogue refueling system},
  author={Fravolini, Mario Luca and Ficola, Antonio and Campa, Giampiero and Napolitano, Marcello Rosario and Seanor, Brad},
  journal={Aerospace science and technology},
  volume={8},
  number={7},
  pages={611--618},
  year={2004},
  publisher={Elsevier}
}

@inproceedings{fravolini2003development,
  title={Development of modelling and control tools for aerial refueling for UAVs},
  author={Fravolini, Mario and Ficola, Antonio and Napolitano, Marcello and Campa, Giampiero and Perhinschi, Mario},
  booktitle={AIAA Guidance, Navigation, and Control Conference and Exhibit},
  pages={5798},
  year={2003}
}

@article{wang2010verifiable,
  title={Verifiable adaptive flight control: unmanned combat aerial vehicle and aerial refueling},
  author={Wang, Jiang and Hovakimyan, Naira and Cao, Chengyu},
  journal={Journal of guidance, control, and dynamics},
  volume={33},
  number={1},
  pages={75--87},
  year={2010}
}

@inproceedings{kimmett2002vision,
  title={Vision based controller for autonomous aerial refueling},
  author={Kimmett, Jennifer and Valasek, John and Junkins, John L},
  booktitle={Control Applications, 2002. Proceedings of the 2002 International Conference on},
  volume={2},
  pages={1138--1143},
  year={2002},
  organization={IEEE}
}

@inproceedings{kimmett2002autonomous,
  title={Autonomous aerial refueling utilizing a vision based navigation system},
  author={Kimmett, Jennifer and Valasek, John and Junkins, John},
  booktitle={AIAA Guidance, Navigation, and Control Conference and Exhibit},
  pages={4469},
  year={2002}
}

@article{fezans2018towards,
  title={Towards automation of aerial refuelling manoeuvres with the probe-and-drogue system: modelling and simulation},
  author={Fezans, Nicolas and Jann, Thomas},
  journal={Transportation Research Procedia},
  volume={29},
  pages={116--134},
  year={2018},
  publisher={Elsevier}
}

@article{valasek2002vision,
  title={VISION BASED SENSORAND NAVIGATION SYSTEM FOR AUTONOMOUS AERIAL REFUELING},
  author={Valasek, John and Gunnam, Kiran and Kimmett, Jennifer and Junkins, John L and Hughes, Declan},
  year={2002}
}


@inproceedings{dogan2008wakeA,
  title={Wake-vortex induced wind with turbulence in aerial refueling-part B: Model and simulation validation},
  author={Dogan, Atilla and Lewis, Timothy and Blake, William},
  booktitle={AIAA Atmospheric Flight Mechanics Conference and Exhibit},
  pages={6697},
  year={2008}
}


@article{specification1997flying,
  title={MIL-HDBK-1797 Flying qualities of piloted aircraft},
  author={Specification, Military},
  journal={United States Department of Defense},
  year={1997}
}

@inproceedings{dogan2008wakeB,
  title={Wake-vortex induced wind with turbulence in aerial refueling-part A: flight data analysis},
  author={Dogan, Atilla and Lewis, Timothy and Blake, William},
  booktitle={AIAA Atmospheric Flight Mechanics Conference and Exhibit},
  pages={6696},
  year={2008}
}

@inproceedings{venkataramanan2003vortex,
  title={Vortex effect modelling in aircraft formation flight},
  author={Venkataramanan, Sriram and Dogan, Atilla and Blake, William},
  booktitle={AIAA Atmospheric Flight Mechanics Conference and Exhibit},
  pages={5385},
  year={2003}
}

@article{gerz2002commercial,
  title={Commercial aircraft wake vortices},
  author={Gerz, Thomas and Holz{\"a}pfel, Frank and Darracq, Denis},
  journal={Progress in Aerospace Sciences},
  volume={38},
  number={3},
  pages={181--208},
  year={2002},
  publisher={Elsevier}
}

@inproceedings{vachon2004calculated,
  title={Calculated drag of an aerial refueling assembly through airplane performance analysis},
  author={Vachon, Michael and Ray, Ronald and Calianno, Carl},
  booktitle={42nd AIAA aerospace sciences meeting and exhibit},
  pages={381},
  year={2004}
}

@inproceedings{burns2005automated,
  title={The automated aerial refueling simulation at the AVTAS laboratory},
  author={Burns, Richard and Clark, Curt and Ewart, Ron},
  booktitle={AIAA Modeling and Simulation Technologies Conference and Exhibit},
  pages={6008},
  year={2005}
}

@inproceedings{hayashibara2006simulation,
  title={Simulation-based design (SBD) applications for a mid-air aerial refueling paradrogue system},
  author={Hayashibara, Shigeo and Austin, James and Reed, Eric and Najaka, Robert},
  booktitle={6th AIAA Aviation Technology, Integration and Operations Conference (ATIO)},
  pages={7770},
  year={2006}
}

@article{garcia2018dynamic,
  title={Dynamic Response of Aerial Refueling Hose-Drogue System with Automated Control Surfaces},
  author={Garc{\'\i}a-Fogeda, P and Esteban Molina, J and Ar{\'e}valo, F},
  journal={Journal of Aerospace Engineering},
  volume={31},
  number={6},
  pages={04018110},
  year={2018},
  publisher={American Society of Civil Engineers}
}

@incollection{ro2011design,
  title={Design, test and evaluation of an actively stabilized drogue refueling system},
  author={Ro, Kapseong and Kuk, Taeseung and Kamman, James},
  booktitle={Infotech@ Aerospace 2011},
  pages={1423},
  year={2011}
}

@article{wang2014dynamic,
  title={Dynamic modeling of a hose-drogue aerial refueling system and integral sliding mode backstepping control for the hose whipping phenomenon},
  author={Wang, Haitao and Dong, Xinmin and Xue, Jianping and Liu, Jiaolong},
  journal={Chinese journal of aeronautics},
  volume={27},
  number={4},
  pages={930--946},
  year={2014},
  publisher={Elsevier}
}

@inproceedings{vassberg2003numerical,
  title={Numerical simulations of KC-10 wing-mount aerial refueling hose-drogue dynamics with a reel take-up system},
  author={Vassberg, John and Yeh, David and Blair, Andrew and Evert, Jacob},
  booktitle={21st AIAA Applied Aerodynamics Conference},
  pages={3508},
  year={2003}
}

@inproceedings{styuart2011numerical,
  title={Numerical simulation of hose whip phenomenon in aerial refueling},
  author={Styuart, Andrey and Gaston, Robert and Yamashiro, Hisako and Stirling, Robert and Mor, Marat},
  booktitle={AIAA Atmospheric Flight Mechanics Conference},
  pages={6211},
  year={2011}
}

@article{mammarella2008machine,
  title={Machine vision/GPS integration using EKF for the UAV aerial refueling problem},
  author={Mammarella, Marco and Campa, Giampiero and Napolitano, Marcello R and Fravolini, Mario L and Gu, Yu and Perhinschi, Mario G},
  journal={IEEE Transactions on Systems, Man, and Cybernetics, Part C (Applications and Reviews)},
  volume={38},
  number={6},
  pages={791--801},
  year={2008},
  publisher={IEEE}
}

@techreport{moorhouse1982background,
  title={Background information and user guide for MIL-F-8785C, military specification-flying qualities of piloted airplanes},
  author={Moorhouse, David J and Woodcock, Robert J},
  year={July. 1982},
  institution={U.S. Air Force Wright Aeronautical Labs, Wright–Patterson AFB, OH},
  number={AFWAL-TR-81-3109}
}

@inproceedings{dogan2005flight,
  title={Flight control and simulation for aerial refueling},
  author={Dogan, Atilla and Sato, Shinya and Blake, William},
  booktitle={AIAA guidance, navigation, and control conference and exhibit},
  series={AIAA 2005-6264},
  year={Aug. 2005}
}

@inproceedings{Dogan-2010-6,
  title={Modeling of bow wave effect in aerial refueling},
  author={Dogan, Atilla and Blake, William},
  booktitle={AIAA Atmospheric Flight Mechanics Conference, Toronto, Canada},
  year={Aug. 2010},
	series={AIAA 2010-7926},  
  DOI={10.2514/6.2010-7926}
}

@article{Drg-Aero-Charact,
  title={Aerodynamic characteristics of paradrogue assembly in an aerial refueling system},
  author={Ro, Kapseong and Basaran, Emre and Kamman, James W},
  journal={Journal of Aircraft},
  volume={44},
  number={3},
  pages={963--970},
  year={2007},
  DOI={10.2514/1.26489}
}

@article{RecDynamic-2009,
  title={Derivation of the dynamics equations of receiver aircraft in aerial refueling},
  author={Waishek, Jayme and Dogan, Atilla and Blake, William},
  journal={Journal of Guidance, Control, and Dynamics},
  volume={32},
  number={2},
  pages={586--598},
  year={2009},
  DOI={10.2514/1.35892}
}

@book{Rauscher-1953,
  title={Introduction to aeronautical dynamics},
  author={Rauscher, Manfred},
  year={1953},
  publisher={Wiley}
}

@article{F16model,
  title={Non-linear F-16 simulation using Simulink and Matlab},
  author={Russell, Richard S},
  journal={University of Minnesota, Tech. paper},
  year={2003}
}

@article{wang2010model,
  title={Model predictive control with learning-type set-point: Application to artificial pancreatic $\beta$-cell},
  author={Wang, Youqing and Zisser, Howard and Dassau, Eyal and Jovanovi{\v{c}}, Lois and Doyle, Francis J},
  journal={AIChE Journal},
  volume={56},
  number={6},
  pages={1510--1518},
  year={2010},
  publisher={Wiley Online Library},
  DOI={10.1002/aic.12081}
}

@article{wang2009survey,
  title={Survey on iterative learning control, repetitive control, and run-to-run control},
  author={Wang, Youqing and Gao, Furong and Doyle, Francis J},
  journal={Journal of Process Control},
  volume={19},
  number={10},
  pages={1589--1600},
  year={2009},
  publisher={Elsevier},
  DOI={10.1016/j.jprocont.2009.09.006}
}

@article{hou2011terminal,
  title={Terminal iterative learning control based station stop control of a train},
  author={Hou, Zhongsheng and Wang, Yi and Yin, Chenkun and Tang, Tao},
  journal={International Journal of Control},
  volume={84},
  number={7},
  pages={1263--1274},
  year={2011},
  publisher={Taylor \& Francis},
  DOI={10.1080/00207179.2011.569030}
}

@inproceedings{arimoto2007iterative,
  title={Iterative learning of specified motions in task-space for redundant multi-joint hand-arm robots},
  author={Arimoto, Suguru and Sekimoto, Masahiro and Kawamura, Sadao},
  booktitle={Robotics and Automation, 2007 IEEE International Conference},
  pages={2867--2873},
  year={2007},
  organization={IEEE},
  DOI={10.1109/ROBOT.2007.363906}
}

@article{chen1999linear,
  title={Linear system theory and design: Oxford University Press},
  author={Chen, CT},
  journal={New York, USA},
  year={1999}
}

@book{nguyen_simulator_1979,
	title = {Simulator study of stall/post-stall characteristics of a fighter airplane with relaxed longitudinal static stability},
	volume = {12854},
	publisher = {National Aeronautics and Space Administration},
	author = {Nguyen, Luat T},
	year = {1979},
}

@techreport{garza_collection_2003,
	title = {A collection of nonlinear aircraft simulations in matlab},
	author = {Garza, Frederico R and Morelli, Eugene A},
	year = {2003},
}

@article{waishek_derivation_2009,
	title = {Derivation of the dynamics equations of receiver aircraft in aerial refueling},
	volume = {32},
	number = {2},
	journal = {Journal of guidance, control, and dynamics},
	author = {Waishek, Jayme and Dogan, Atilla and Blake, William},
	year = {2009},
	pages = {586--598},
}

@book{stevens_aircraft_2015,
	title = {Aircraft control and simulation: dynamics, controls design, and autonomous systems},
	publisher = {John Wiley \& Sons},
	author = {Stevens, Brian L and Lewis, Frank L and Johnson, Eric N},
	year = {2015},
}

@article{ro_modeling_2010,
	title = {Modeling and simulation of hose-paradrogue aerial refueling systems},
	volume = {33},
	number = {1},
	journal = {Journal of guidance, control, and dynamics},
	author = {Ro, Kapseong and Kamman, James W},
	year = {2010},
	pages = {53--63},
}

@inproceedings{vassberg_numerical_2003,
	title = {Numerical simulations of {KC}-10 wing-mount aerial refueling hose-drogue dynamics with a reel take-up system},
	booktitle = {21st {AIAA} {Applied} {Aerodynamics} {Conference}},
	author = {Vassberg, John and Yeh, David and Blair, Andrew and Evert, Jacob},
	year = {2003},
	pages = {3508},
}

@article{ro_aerodynamic_2007,
	title = {Aerodynamic characteristics of paradrogue assembly in an aerial refueling system},
	volume = {44},
	number = {3},
	journal = {Journal of aircraft},
	author = {Ro, Kapseong and Basaran, Emre and Kamman, James W},
	year = {2007},
	pages = {963--970},
}

@article{wei_drogue_2016,
	title = {Drogue dynamic model under bow wave in probe-and-drogue refueling},
	volume = {52},
	number = {4},
	journal = {IEEE Transactions on Aerospace and Electronic Systems},
	author = {Wei, Zi-Bo and Dai, Xunhua and Quan, Quan and Cai, Kai-Yuan},
	year = {2016},
	note = {Publisher: IEEE},
	pages = {1728--1742},
}

@book{weisberg_applied_2005,
	title = {Applied linear regression},
	volume = {528},
	publisher = {John Wiley \& Sons},
	author = {Weisberg, Sanford},
	year = {2005},
}

@inproceedings{dibley_autonomous_2007,
	title = {Autonomous airborne refueling demonstration phase {I} flight-test results},
	booktitle = {{AIAA} atmospheric flight mechanics conference and exhibit},
	author = {Dibley, Ryan and Allen, Michael and Nabaa, Nassib},
	year = {2007},
	pages = {6639},
}

@article{williamson_controllable_2010,
	title = {Controllable drogue for automated aerial refueling},
	volume = {47},
	number = {2},
	journal = {Journal of Aircraft},
	author = {Williamson, Walton R and Reed, Eric and Glenn, Gregory J and Stecko, Stephen M and Musgrave, Jeffrey and Takacs, John M},
	year = {2010},
	pages = {515--527},
}

@inproceedings{vassberg_numerical_2004,
	title = {Numerical simulations of {KC}-10 centerline aerial refueling hose-drogue dynamics with a reel take-up system},
	booktitle = {22nd {Applied} {Aerodynamics} {Conference} and {Exhibit}},
	author = {Vassberg, John and Yeh, David and Blair, Andrew and Evert, Jacob},
	year = {2004},
	pages = {4719},
}

@inproceedings{ro_active_2010,
	title = {Active control of aerial refueling hose-drogue systems},
	booktitle = {{AIAA} guidance, navigation, and control conference},
	author = {Ro, Kapseong and Kuk, Taeseung and Kamman, James},
	year = {2010},
	pages = {8400},
}

@incollection{ljung_system_1998,
	title = {System identification},
	booktitle = {Signal analysis and prediction},
	publisher = {Springer},
	author = {Ljung, Lennart},
	year = {1998},
	pages = {163--173},
}

@book{franklin_feedback_2015,
	title = {Feedback control of dynamic systems},
	volume = {33},
	publisher = {Pearson London},
	author = {Franklin, Gene F and Powell, J David and Emami-Naeini, Abbas},
	year = {2015},
}

@misc{noauthor_air--air_2010,
	title = {Air-to-{Air} {Refueling}},
	year = {2010},
}

@misc{noauthor_drogue_nodate,
	title = {Drogue {Dynamics} under {Receiver} {Wake} {Effects} ({Aerial} {Refueling} with {Hose} {Drogue} {Unit})},
	url = {http://v.youku.com/v_show/id_XNzMzOTU1NDQ0.html?from=s1.8-1-1.2, 2014-11-08/ 2016-04-17},
}

@misc{noauthor_drogue_nodate-1,
	title = {Drogue {Dynamics} during the {Contact} {Phase} of {Aerial} {Refueling} with {Hose} {Drogue} {Unit}},
	url = {http://v.youku.com/v_show/id_XMTQ1OTMzMjk1Mg==.html?from=y1.7-2, 2016-02-01/2016-04-17},
}



@techreport{military1980u,
  title={US military specification MIL-F-8785C},
  author={Moorhouse D, Woodcock R},
  year={1980},
  institution={Technical report, US Department of Defense}
}
@book{chalk1969background,
  title={Background Information and User Guide for MIL-F-8785B (ASG)" military Specification-Flying Qualities of Piloted Airplanes"},
  author={Chalk, Charles R and Harris, TM and Neal, TP and Prichard, EF},
  year={1969},
  publisher={Wright-Patterson Air Force Base}
}
@inproceedings{ly1980time,
  title={Time-domain computation of aircraft gust covariance matrices},
  author={Ly, U and Chan, Y},
  booktitle={6th Atmospheric Flight Mechanics Conference},
  pages={1615},
  year={1980}
}
@misc{noauthor__nodate,
title = {Research on the application of wind shear and atmospheric turbulence models in flight simulation},
author={Yu Qiu Feng},
 institution={Civil Aviation Flight College of China},
year={2010}
}
@article{gipe1993wind,
  title={Wind power for home and business},
  author={Gipe, Paul},
  journal={Renewable for the 1990s and Beyond},
  year={1993},
  publisher={Chelsea Green Publishing Company}
}
@book{pamadi2004performance,
  title={Performance, Stability, Dynamics, and Control of Airplanes},
  author={Pamadi, Bandu N},
  year={2004},
  publisher={AIAA}
}
@article{dogan2008flight,
  title={Flight data analysis and simulation of wind effects during aerial refueling},
  author={Dogan, Atilla and Lewis, Timothy A and Blake, William},
  journal={Journal of Aircraft},
  volume={45},
  number={6},
  pages={2036--2048},
  year={2008}
}
@book{rauscher1953introduction,
  title={Introduction to aeronautical dynamics},
  author={Rauscher, Manfred},
  year={1953},
  publisher={Wiley}
}


@article{thomas2014advances,
  title={Advances in air to air refuelling},
  author={Thomas, Peter R and Bhandari, Ujjar and Bullock, Steve and Richardson, Thomas S and Du Bois, Jonathan L},
  journal={Progress in Aerospace sciences},
  volume={71},
  pages={14--35},
  year={2014},
  publisher={Elsevier}
}%1

@inproceedings{nalepka2005automated,
  title={Automated aerial refueling: extending the effectiveness of UAVs},
  author={Nalepka, Joe and Hinchman, Jake},
  booktitle={AIAA modeling and simulation technologies conference and exhibit},
  pages={6005},
  year={2005}
}%2

@electronic{Nottdmct,
    url     =   {{https://news.usni.org/2022/04/06/navy-on-track-to-deploy-mq-25a-carrier-tanker-in-2026-on-uss-theodore-roosevelt.}},
    title   =   {{Navy on track to deploy MQ-25A carrier tanker in 2026 on USS theodore roosevelt}}
}%4


@electronic{aaiag,
    url     =   {{https://www.airbus.com/en/newsroom/press-releases/2023-03-airbus-achieves-in-flight-autonomous-guidance-and-control-of-a.}},
    title   =   {{Airbus achieves in-flight autonomous guidance and control of a drone from a tanker aircraft}}
}%5

@inproceedings{pollini2003virtual,
  title={Virtual simulation set-up for UAVs aerial refuelling},
  author={Pollini, Lorenzo and Campa, Giampiero and Giulietti, Fabrizio and Innocenti, Mario},
  booktitle={AIAA Modeling and Simulation Technologies Conference and Exhibit},
  pages={5682},
  year={2003}
}%7

@article{FEZANS2018116,
title = {Towards automation of aerial refuelling manoeuvres with the probe-and-drogue system: modelling and simulation},
journal = {Transportation Research Procedia},
volume = {29},
pages = {116-134},
year = {2018},
note = {Aerospace Europe CEAS 2017 Conference},
issn = {2352-1465},
doi = {https://doi.org/10.1016/j.trpro.2018.02.011},
url = {https://www.sciencedirect.com/science/article/pii/S2352146518300152},
author = {Nicolas Fezans and Thomas Jann},
keywords = {AAR, aerial refuelling, formation flight, flight control, probe-and-drogue},
abstract = {DLR is presently investigating the use of automation techniques to support pilots during aerial refuelling manoeuvres with the so-called probe-and-drogue system. During aerial refuelling manoeuvres the tanker and receiver aircraft need to fly very close to each other and this close proximity induces a very significant aerodynamic interaction between them. In order to develop new assistance / automation function for aerial refuelling and to test them in piloted simulations, real-time simulation models including all the relevant effects must be developed. Unlike in many other works with similar modelling needs, Reynolds-Averaged Navier Stokes (RANS) CFD computations were preferred to more simple techniques for supporting the modelling of the aerodynamic interaction between tanker, receiver, hose, and drogue. The real-time simulation environment developed contains two complete aircraft models, which can both be controlled by the pilots either manually or through the auto flight functions. With other words, the tanker is no point mass model with prescribed trajectory, but dynamically reacts to external disturbances and the external disturbances affect both aircraft in a representative way. The dedicated aerial refuelling systems are also modelled and the whole infrastructure was ported to the DLR AVES simulator, such that complete refuelling manoeuvres can be flown by the pilots in a realistic environment, in order for the pilots to assess novel automation/assistance functions. This paper gives both a general overview on the modelling work performed and some specifics on selected parts of the model and the developed simulation infrastructure.}
}%8

@article{wang2015dynamics,
  title={Dynamics modeling and analysis of hose whipping phenomenon of aerial refueling hose-drogue assembly},
  author={Wang, HT and Dong, XM and Guo, Jun and Liu, JL and Wang, J},
  journal={Acta Aeronautica et Astronautica Sinica},
  volume={36},
  number={9},
  pages={3116--3127},
  year={2015}
}%13

@article{moorhouse1980us,
  title={{US} military specification {MIL-F-8785C}},
  author={Moorhouse, D and Woodcock, R},
  journal={US Department of Defense},
  pages={48},
  year={1980}
}%14

@phdthesis{ma2018formation,
  title={Formation Flight Control and Safety Assessment of Aerial Refueling},
  author={Ma, HB},
  year={2018},
  school={Beihang University},
  address={Beijing}
}
%16  

@article{arafat2023vision,
  title={Vision-based navigation techniques for unmanned aerial vehicles: Review and challenges},
  author={Arafat, Muhammad Yeasir and Alam, Muhammad Morshed and Moh, Sangman},
  journal={Drones},
  volume={7},
  number={2 , 89},

  year={2023},
  publisher={MDPI}
}%17

@article{parry2023review,
  title={Review of sensor technology to support automated air-to-air refueling of a probe configured uncrewed aircraft},
  author={Parry, Jonathon and Hubbard, Sarah},
  journal={Sensors},
  volume={23},
  number={2},
  pages={995},
  year={2023},
  publisher={MDPI}
}%18

@article{LIU2019105403,
title = {Novel docking controller for autonomous aerial refueling with probe direct control and learning-based preview method},
journal = {Aerospace Science and Technology},
volume = {94},
pages = {105403},
year = {2019},
issn = {1270-9638},
doi = {https://doi.org/10.1016/j.ast.2019.105403},
url = {https://www.sciencedirect.com/science/article/pii/S1270963819311496},
author = {Yiheng Liu and Honglun Wang and Jiaxuan Fan},
keywords = {Unmanned aerial vehicle (UAV), Autonomous aerial refueling (AAR), Probe control, Deep learning, Reinforcement learning, Preview control},
abstract = {Autonomous aerial refueling (AAR) has always been a hot research area due to its significant application and complicated control problem. In order to improve the docking precision of AAR, a novel docking controller with probe direct control and learning-based preview method is proposed. Firstly, the controlled object is transformed from receiver barycenter to probe tactfully. Then, a suitable probe direct controller designed via the combination of reference-observer-based tracking control method and the high order sliding mode control method is proposed for the probe direct control. Furthermore, a learning-based preview method is introduced to solve the tracking lag problem. The prediction of drogue motion is considered in the reference signal. Then, a novel learning algorithm, named deep learning and reinforcement learning (DLRL), which combines deep learning (DL) and reinforcement learning (RL) spatially rather than structurally like deep reinforcement learning (DRL) is proposed to generate the preview time adaptively. And a novel preview index is proposed to adapt for it. Through the combination of probe direct controller and learning-based preview method, the proposed docking controller could improve the tracking precision largely. Effectiveness of the proposed method is demonstrated by the simulations.}
}%22

@article{dai2021rflysim,
  title={RFlySim: Automatic test platform for UAV autopilot systems with FPGA-based hardware-in-the-loop simulations},
  author={Dai, Xunhua and Ke, Chenxu and Quan, Quan and Cai, Kai-Yuan},
  journal={Aerospace Science and Technology},
  volume={114},
  pages={106727},
  year={2021},
  publisher={Elsevier}
}%23

@techreport{nato2013aerial,
  author = "NATO Standardization Agency",
  title = "Aerial Refueling",
  number = "ATP-56(B)",
  year = "November 2013",
}%24 

@article{ro2010modeling,
  title={Modeling and simulation of hose-paradrogue aerial refueling systems},
  author={Ro, Kapseong and Kamman, James W},
  journal={Journal of guidance, control, and dynamics},
  volume={33},
  number={1},
  pages={53--63},
  year={2010}
}%27




@article{moorhouse1980,
  title={{US} military specification {MIL-F-8785C}},
  author={Moorhouse, D and Woodcock, R},
  year={1980.Report},
  publisher={US Department of Defense}
}%28  


@article{dogan2005modeling,
  title={Modeling of aerodynamic coupling between aircraft in close proximity},
  author={Dogan, Atilla and Venkataramanan, Sriram and Blake, William},
  journal={Journal of Aircraft},
  volume={42},
  number={4},
  pages={941--955},
  year={2005}
}%29

@article{dogan2013bow,
  title={Bow wave effect in aerial refueling: Computational analysis and modeling},
  author={Dogan, Atilla and Blake, William and Haag, Christian},
  journal={Journal of Aircraft},
  volume={50},
  number={6},
  pages={1856--1868},
  year={2013},
  publisher={American Institute of Aeronautics and Astronautics}
}%32

@inproceedings{dibley2007autonomous,
  title={Autonomous airborne refueling demonstration phase {I} flight-test results},
  author={Dibley, Ryan and Allen, Michael and Nabaa, Nassib},
  booktitle={AIAA atmospheric flight mechanics conference and exhibit},
  pages={6639},
  year={2007}
}%33

@book{murray1994mathematical,
  title={A mathematical introduction to robotic manipulation},
  author={Murray, Richard M and Li, Zexiang and Sastry, S Shankar},
  year={1994},
  publisher={CRC press}
}%35

@book{beard2012small,
  title={Small unmanned aircraft: Theory and practice},
  author={Beard, Randal W and McLain, Timothy W},
  year={2012},
  publisher={Princeton university press}
}%36

@techreport{garza2003collection,
  title={A collection of nonlinear aircraft simulations in matlab},
  author={Garza, Frederico R and Morelli, Eugene A},
  year={2003}
}%37

@article{rasol2023n,
  title={N-fold Bernoulli probability based adaptive fast-tracking algorithm and its application to autonomous aerial refuelling},
  author={Rasol, Jarhinbek and Yuelei, XU and Qing, ZHOU and Tian, HUI and Zhang, Zhaoxiang},
  journal={Chinese Journal of Aeronautics},
  volume={36},
  number={1},
  pages={356--368},
  year={2023},
  publisher={Elsevier}
}%38

@article{bo2021ship,
  title={Ship detection and classification from optical remote sensing images: A survey},
  author={Bo, LI and Xiaoyang, XIE and Xingxing, WEI and Wenting, TANG},
  journal={Chinese Journal of Aeronautics},
  volume={34},
  number={3},
  pages={145--163},
  year={2021},
  publisher={Elsevier}
}%39

@article{dayong2022robust,
  title={Robust image-based coordinated control for spacecraft formation flying},
  author={Dayong, HU and Xiangtian, ZHAO and Zhang, Shijie},
  journal={Chinese Journal of Aeronautics},
  volume={35},
  number={9},
  pages={268--281},
  year={2022},
  publisher={Elsevier}
}%40

@inproceedings{costello2023transference,
  title={Transference of training for a {DNN} to complete the aerial refueling task},
  author={Costello, Donald H and Violet, Mwaffo and Miller, Dillon},
  booktitle={AIAA SCITECH 2023 Forum},
  pages={0192},
  year={2023}
}%41

@article{lee2017optimal,
  title={Optimal path planning of solar-powered {UAV} using gravitational potential energy},
  author={ Lee, Joo Seok and Yu, Kee Ho },
  journal={IEEE Transactions on Aerospace and Electronic Systems},
  volume={53},
  number={3},
  pages={1442--1451},
  year={2017},
}

@article{olavo2018robust,
  title={ Robust guidance strategy for target circulation by controlled {UAV}},
  author={Olavo, J L G and Thums, G D and Jesus, T A and De Araujo Pimenta, L C   and Torres, L A B  and  Palhares, R M},
  journal={IEEE/CAA Journal of Automatica Sinica},
  volume={54},
  number={3},
  pages={1415--1431},
  year={2018},
}

@article{roberge2018fast,
  title={ Fast genetic algorithm path planner for fixed-wing military {UAV} using {GPU}},
  author={Roberge, V and  Tarbouchi, M and Labont{\'e}, G.   },
  journal={IEEE Transactions on Aerospace and Electronic Systems},
  volume={54},
  number={5},
  pages={2105--2117},
  year={2018},
}

@article{Thomas2014,
  title={Advances in air to air refuelling},
  author={ Thomas, P R and Bhandari, U and Bullock, S and Richardson, T S and  Du~Bois, J L},
  journal={Progress in Aerospace Sciences},
  volume={71},
  pages={14--35},
  year={2014}
}

@article{Ro2011,
  title={Dynamics and control of hose-drogue refueling systems during coupling},
  author={Ro, Kapseong and  Kuk, Taeseung and  Kamman, James W },
  journal={Journal of Guidance, Control and Dynamics},
  volume={34},
  number={6},
  pages={1694--1708},
  year={2011},
}

@inproceedings{Vassberg2003,
  title={Numerical simulations of {KC-10} wing-mount aerial refueling hose-drogue dynamics with a reel take-up system},
  author={Vassberg, J and Yeh, D and  Blair, A  and  Evert, J M },
  booktitle={21st applied aerodynamics conference},
  pages={3508},
  year={2003},
}
 
@inproceedings{vassberg2005numerical,
  title={Numerical simulations of {KC-10} in-flight refueling hose-drogue dynamics with an approaching {F/A-18D} receiver aircraft},
  author={Vassberg, J and Yeh, D and  Blair, A  and  Evert, J},
  booktitle={23rd AIAA Applied Aerodynamics Conference},
  pages={4605},
  year={2005},
}


@article{Wang2014,
  title={Dynamic modeling of a hose-drogue aerial refueling system and integral sliding mode backstepping control for the hose whipping phenomenon},
  author={ Wang, H and Dong, X and Xue, J and Liu, J},
  journal={Chinese Journal of Aeronautics},
  volume={27},
  number={4},
  pages={930--946},  
  year={2014},
}

@inproceedings{Ro2009,
  title={ Dynamic modeling and simulation of hose-paradrogue assembly for mid-air operations},
  author={Ro, K and Ahmad, H and Kamman, J},
  booktitle={AIAA Infotech@Aerospace Conference, Seattle, Washington, USA},
  pages={1849},
  year={2009},
}

@article{Yue2016,
  title={Numerical simulation of the aerodynamic influence of an aircraft on the hose-refueling system during aerial refueling operations},
  author={Yue, K and Cheng, L and Zhang, T and Ji, J and Yu, D},
  journal={Aerospace Science and Technology},
  volume={49},
  pages={34--40},
  year={2016}
}

@inproceedings{Chen2007,
  title={Disturbance analysis and flight control law design for aerial refueling},
  author={Chen, B and Dong, X and  Xu, Y and  Lin, Q},
  booktitle={Mechatronics and Automation, 2007. ICMA 2007. International Conference on},
  pages={2997--3002},
  year={2007},
}

@inproceedings{Dibley2007PhaseI,
  title={Autonomous airborne refueling demonstration phase {I} flight-test results},
  author={Dibley, R and  Allen, M and  Nabaa, N},
  booktitle={AIAA Atmospheric Flight Mechanics Conference and Exhibit},
  pages={6639},
  year={2007},
}

@article{Wei2015,
  title={Drogue dynamic model under bow wave in probe-and-drogue refueling},
  author={Wei, Z B and  Dai, X and  Quan, Q  and  Cai, K Y},
  journal={IEEE Transactions on Aerospace and Electronic Systems},
  volume={52},
  number={4},
  pages={1728--1742},
  year={2016},
}

@article{Dai2015,
  title={ Modeling and simulation of bow wave effect in probe and drogue aerial refueling},
  author={Dai, X H and Wei, Z B and Quan, Q},
  journal={Chinese Journal of Aeronautics},
  volume={29},
  number={2},
  pages={448--461},
  year={2016},
}

@article{Ro2010,
  title={ Modeling and simulation of hose-paradrogue aerial refueling systems},
  author={Ro, K  and  Kamman, J W },
  journal={Journal of Guidance, Control, and Dynamics},
  volume={33},
  number={1},
  pages={53--63},
  year={2010},
}

@article{Williamson2010,
  title={ Controllable drogue for automated aerial refueling},
  author={Williamson, W R and  Reed, E and  Glenn, G J and  Stecko, S M and Musgrave,  J  and Takacs, J M },
  journal={Journal of Guidance, Control, and Dynamics},
  volume={47},
  number={2},
  pages={515--527},
  year={2010},
}

@inproceedings{ro2010active,
  title={Active control of aerial refueling hose-drogue systems},
  author={Ro, K and  Kuk, T  and Kamman, J },
  booktitle={AIAA Guidance, Navigation, and Control Conference},
  pages={8400},
  year={2010},
}


@inproceedings{Bhandari2013,
  title={ Bow wave effect in probe-and-drogue aerial refuelling},
  author={Bhandari, U and  Thomas, P R  and Richardson, T S},
  booktitle={AIAA Guidance, Navigation, and Control Conference},
  pages={4695},
  year={2013},
}
	
@book{Toolbox,
 author={Ljung, L },
 title={MATLAB: System Identification Toolbox: User's Guide Version 4},
 publisher={The Mathworks},
 year={1995},
}

@book{TestBook,
 author={Franklin, G F and Powell, J D and Emami-Naeini , A  },
 title={Feedback control of dynamic systems (Sixth Edition)},
 publisher={ London: Pearson Education Ltd },
 volume={3},
 year={2009},
}

@article{Tandale2008Trajectory,
  title={ Trajectory tracking controller for vision-based probe and drogue autonomous aerial refueling},
  author={Tandale, M D and Bowers, R  and Valasek, J },
  journal={Journal of Guidance, Control, and Dynamics},
  volume={29},
  number={4},
  pages={846--857},
  year={2008},
}

@inproceedings{Dogan-2010-6,
  title={Modeling of bow wave effect in aerial refueling},
  author={Dogan, Atilla and Blake, William},
  booktitle={AIAA Atmospheric Flight Mechanics Conference, Toronto, Canada},
  year={Aug. 2010},
	series={AIAA Paper 2010-7926},  
  DOI={10.2514/6.2010-7926}
}

@article{Drg-Aero-Charact,
  title={Aerodynamic characteristics of paradrogue assembly in an aerial refueling system},
  author={Ro, Kapseong and Basaran, Emre and Kamman, James W},
  journal={Journal of Aircraft},
  volume={44},
  number={3},
  pages={963--970},
  year={2007},
  DOI={10.2514/1.26489}
}

@article{RecDynamic-2009,
  title={Derivation of the dynamics equations of receiver aircraft in aerial refueling},
  author={Waishek, Jayme and Dogan, Atilla and Blake, William},
  journal={Journal of Guidance, Control, and Dynamics},
  volume={32},
  number={2},
  pages={586--598},
  year={2009},
  DOI={10.2514/1.35892}
}

@book{Rauscher-1953,
  title={Introduction to aeronautical dynamics},
  author={Rauscher, Manfred},
  year={1953},
  publisher={Wiley}
}

@article{F16model,
  title={Non-linear F-16 simulation using Simulink and Matlab},
  author={Russell, Richard S},
  journal={University of Minnesota, Tech. paper},
  year={2003}
}

@article{wang2010model,
  title={Model predictive control with learning-type set-point: Application to artificial pancreatic $\beta$-cell},
  author={Wang, Youqing and Zisser, Howard and Dassau, Eyal and Jovanovi{\v{c}}, Lois and Doyle, Francis J},
  journal={AIChE Journal},
  volume={56},
  number={6},
  pages={1510--1518},
  year={2010},
  publisher={Wiley Online Library},
  DOI={10.1002/aic.12081}
}

@article{wang2009survey,
  title={Survey on iterative learning control, repetitive control, and run-to-run control},
  author={Wang, Youqing and Gao, Furong and Doyle, Francis J},
  journal={Journal of Process Control},
  volume={19},
  number={10},
  pages={1589--1600},
  year={2009},
  publisher={Elsevier},
  DOI={10.1016/j.jprocont.2009.09.006}
}

@article{hou2011terminal,
  title={Terminal iterative learning control based station stop control of a train},
  author={Hou, Zhongsheng and Wang, Yi and Yin, Chenkun and Tang, Tao},
  journal={International Journal of Control},
  volume={84},
  number={7},
  pages={1263--1274},
  year={2011},
  publisher={Taylor \& Francis},
  DOI={10.1080/00207179.2011.569030}
}

@inproceedings{arimoto2007iterative,
  title={Iterative learning of specified motions in task-space for redundant multi-joint hand-arm robots},
  author={Arimoto, Suguru and Sekimoto, Masahiro and Kawamura, Sadao},
  booktitle={Robotics and Automation, 2007 IEEE International Conference},
  pages={2867--2873},
  year={2007},
  organization={IEEE},
  DOI={10.1109/ROBOT.2007.363906}
}

@article{chen1999linear,
  title={Linear system theory and design: Oxford University Press},
  author={Chen, CT},
  journal={New York, USA},
  year={1999}
}

@Misc{VideoURL,

  howpublished = {\url{https://youtu.be/gTqAhAPlNvQ}},

  note = {Accessed June 10, 2019},

  title = {A Reliable Docking Control Scheme for Probe-Drogue Refueling},

  
}


@article{nesic2001sampled,
  title={Sampled-data control of nonlinear systems: an overview of recent results},
  author={Nesi{\'c}, Dragan and Teel, Andrew R},
  journal={Perspectives in robust control},
  volume={268},
  pages={221--239},
  year={2001},
  publisher={Springer}
}

@inproceedings{wang2007verifiable,
  title={Verifiable L1 Adaptive Controller for Aerial Refueling},
  author={Wang, Jiang and Patel, Vijay V and Cao, Chengyu and Hovakimyan, Naira and Lavretsky, Eugene},
  booktitle={AIAA Guidance, Navigation and Control Conference and Exhibit },
  series = {AIAA Paper 2007-6313}, 
  year={Aug. 2007},
  address={Hilton Head, South Carolina},
  DOI={10.2514/6.2007-6313}


}

@inproceedings{su2015autonomous,
  title={Autonomous Aerial Refueling Precise Docking based on Active Disturbance Rejection Control},
  author={Su, Zikang and Wang, Honglun and Shao, Xingling and Yao, Peng},
  booktitle={IECON 2015-41st Annual Conference of the IEEE Industrial Electronics Society},
  pages={4574-4578},
  year={Nov. 2015},
  organization={IEEE},
  address={Yokohama, Japan},
  DOI={10.1109/IECON.2015.7392813}
}

@article{valasek2004intelligent,
  title={Intelligent control systems and vision based navigation to enable autonomous aerial refueling of UAVs},
  author={Valasek, John and Junkins, John L},
  journal={Advances in the Astronautical Sciences},
  volume={118},
  pages={1--19},
  year={2004}
}

@article{dogan2014maneuverability,
  title={Maneuverability of Large Receiver of Different Size and Weight in Aerial Refueling},
  author={Dogan, Atilla and Blake, William},
  journal={Journal of Guidance, Control, and Dynamics},
  volume={37},
  number={6},
  pages={1880--1896},
  year={2014},
  publisher={American Institute of Aeronautics and Astronautics},
  DOI={10.2514/1.G000044}
}

@book{stevens2015aircraft,
  title={Aircraft control and simulation: dynamics, controls design, and autonomous systems},
  author={Stevens, Brian L and Lewis, Frank L and Johnson, Eric N},
  year={2015},
  publisher={John Wiley \& Sons}
  
}

@book{stevens2004aircraft,
  title={Aircraft Control and Simulation},
  author={Stevens, Brian L and Lewis, Frank L},
  year={2004},
  publisher={John Wiley \& Sons},
  DOI={10.1108/aeat.2004.12776eae.001}
}

@book{Khalil2002Nonlinear,
  title={Nonlinear Systems Third Edition},
  author={Khalil, H. K.},
  publisher={Upper Saddle River, NJ: Prentice-Hall, Inc.,2002},
  year={2002},
}

@inproceedings{quan2009additive,
  title={Additive decomposition and its applications to internal-model-based tracking},
  author={Quan, Quan and Cai, Kai-Yuan},
  booktitle={Decision and Control, 2009 held jointly with the 2009 28th Chinese Control Conference. CDC/CCC 2009. Proceedings of the 48th IEEE Conference on},
  pages={817--822},
  year={2009},
  organization={IEEE}
}

@article{wei2017output,
  title={Output Feedback ILC for a Class of Nonminimum Phase Nonlinear Systems With Input Saturation: An Additive-State-Decomposition-Based Method},
  author={Wei, Zi-Bo and Quan, Quan and Cai, Kai-Yuan},
  journal={IEEE Transactions on Automatic Control},
  volume={62},
  number={1},
  pages={502--508},
  year={2017},
  publisher={IEEE},
  DOI={10.1109/TAC.2016.2555081}
}

@book{Chen2012Iterative,
  title={Iterative Learning Control},
  author={Chen, Yang Quan and Moore, Kevin L. and Ahn, Hyo Sung},
  publisher={Springer US},
  year={2012},
  DOI={10.1007/978-1-4419-1428-6_65}
}

@article{Bristow2006A,
  title={A survey of iterative learning control},
  author={Bristow, D. A. and Tharayil, M. and Alleyne, A. G.},
  journal={IEEE Control Systems Magazine},
  volume={26},
  number={3},
  pages={96-114},
  year={2006},
}

@article{Freeman2012Constrained,
  title={Constrained point-to-point iterative learning control with experimental verification},
  author={Freeman, Chris T.},
  journal={Control Engineering Practice},
  volume={20},
  number={5},
  pages={489-498},
  year={2012},
}

@article{Freeman2011Iterative,
  title={Iterative Learning Control for Multiple Point-to-Point Tracking Application},
  author={Freeman, Chris T. and Cai, Zhonglun and Rogers, Eric and Lewin, Paul L.},
  journal={IEEE Transactions on Control Systems Technology},
  volume={19},
  number={3},
  pages={590-600},
  year={2011},
}


@inproceedings{Chen1997A,
  title={A high-order terminal iterative learning control scheme [RTP-CVD application]},
  author={Chen, Yang Quan and Xu, Jian Xin and Wen, Changyun},
  booktitle={Decision and Control, 1997., Proceedings of the  IEEE Conference on},
  pages={3771-3772 vol.4},
  year={1997},
}

@article{Xu1999Terminal,
  title={Terminal Iterative Learning Control with an Application to RTPCVD Thickness Control},
  author={Xu, Jian Xin and Chen, Yangquan and Tong, Heng Lee and Yamamoto, Shigehiko},
  journal={Automatica},
  volume={35},
  number={9},
  pages={1535-1542},
  year={1999},
  DOI={10.1016/S0005-1098(99)00076-X}
}

@article{Chi2012Data,
  title={Data-Driven Optimal Terminal Iterative Learning Control},
  author={Chi, Ronghu and Wang, Danwei and Hou, Zhongsheng and Jin, Shangtai},
  journal={Journal of Process Control},
  volume={22},
  number={10},
  pages={2026-2037},
  year={2012},
  DOI={10.1016/j.jprocont.2012.08.001}
}

@article{Hou2011Terminal,
  title={Terminal iterative learning control based station stop control of a train},
  author={Hou, Zhongsheng and Wang, Yi and Yin, Chenkun and Tang, Tao},
  journal={International Journal of Control},
  volume={84},
  number={7},
  pages={1263-1274},
  year={2011},
}

@article{Xu2008Initial,
  title={Initial state iterative learning for final state control in motion systems.},
  author={Xu, Jian Xin and Huang, Deqing},
  journal={Automatica},
  volume={44},
  number={12},
  pages={3162-3169},
  year={2008},
}

@inproceedings{Gauthier2009Terminal,
  title={Terminal Iterative Learning Control design with singular value decomposition decoupling for thermoforming ovens},
  author={Gauthier, G. and Boulet, B.},
  booktitle={American Control Conference},
  pages={1640-1645},
  year={Jun, 2009},
  DOI={10.1109/ACC.2009.5160445},
  address={St. Louis, MO, USA}
}

@inproceedings{Tong2011Terminal,
  title={Terminal Iterative Learning Control with Multiple Intermediate Pass Points},
  author={Tong, Duy Son and Ann, Hyo Sung},
  booktitle={American Control Conference},
  pages={3651-3656},
  year={Jun, 2011},
  DOI={10.1109/ACC.2011.5990633},
  address={San Francisco, CA, USA}
}

@inproceedings{Mondal2010Terminal,
  title={Terminal iterative learning control for calibrating systematic odometry errors in mobile robots},
  author={Mondal, Sharifuddin and Yun, Youngmok and Wan, Kyun Chung},
  booktitle={Ieee/asme International Conference on Advanced Intelligent Mechatronics},
  pages={311-316},
  year={2010},
}

@article{Chi2016Data,
  title={Data-driven optimal terminal iterative learning control with initial value dynamic compensation},
  author={Chi, Ronghu and Huang, Biao and Wang, Danwei and Zhang, Ruikun and Feng, Yuanjing},
  journal={Iet Control Theory \& Applications},
  volume={10},
  number={12},
  pages={1357-1364},
  year={2016},
}

@article{Liu2015Neural,
  title={Neural network based terminal iterative learning control for uncertain nonlinear nonaffine systems},
  author={Liu, Tianqi and Wang, Danwei and Chi, Ronghu},
  journal={International Journal of Adaptive Control \& Signal Processing},
  volume={29},
  number={10},
  pages={1274-1286},
  year={2015},
}




@article{choi2021study,
  title={Study on robust aerial docking mechanism with deep learning based drogue detection and docking},
  author={Choi, Andrew Jaeyong and Yang, Hyeon-Ho and Han, Jae-Hung},
  journal={Mechanical Systems and Signal Processing},
  volume={154},
  pages={107579},
  year={2021},
  publisher={Elsevier}
}


@article{campa2009simulation,
  title={Simulation environment for machine vision based aerial refueling for {UAVs}},
  author={Campa, Giampiero and Napolitano, Marcello R and Fravolini, Mario L},
  journal={IEEE Transactions on Aerospace and Electronic Systems},
  volume={45},
  number={1},
  pages={138--151},
  year={2009},
  publisher={IEEE}
}


@article{chaumette2007visual,
  title={Visual servo control. II. Advanced approaches},
  author={Chaumette, Fran{\c{c}}ois and Hutchinson, Seth},
  journal={IEEE Robotics \& Automation Magazine},
  volume={14},
  number={1},
  pages={109--118},
  year={2007},
  publisher={IEEE}
}

@article{garcia2021real,
  title={Real-time navigation for drogue-type autonomous aerial refueling using vision-based deep learning detection},
  author={Garcia, Jorge Alberto Ba{\~n}uelos and Younes, Ahmad Bani},
  journal={IEEE Transactions on Aerospace and Electronic Systems},
  volume={57},
  number={4},
  pages={2225--2246},
  year={2021},
  publisher={IEEE}
}

@article{sun2019bionic,
  title={Bionic visual close-range navigation control system for the docking stage of probe-and-drogue autonomous aerial refueling},
  author={Sun, Yongbin and Deng, Yimin and Duan, Haibin and Xu, Xiaobin},
  journal={Aerospace Science and Technology},
  volume={91},
  pages={136--149},
  year={2019},
  publisher={Elsevier}
}

@article{papayanopoulos2019autonomous,
  title={An autonomous docking mechanism for vertical lift unmanned aircraft},
  author={Papayanopoulos, John and Webb, Kevin and Rogers, Jonathan},
  journal={Journal of Mechanisms and Robotics},
  volume={11},
  number={6},
  pages={061009},
  year={2019},
  publisher={American Society of Mechanical Engineers}
}

@inproceedings{yan2018vision,
  title={Vision-Based Robust Position Estimation in Probe-and-Drogue Autonomous Aerial Refueling},
  author={Gao, Yan and Dai, Xunhua and Quan, Quan},
  booktitle={2018 IEEE CSAA Guidance, Navigation and Control Conference (CGNCC)},
  pages={1--6},
 address={Xiamen, China},
  year={2018},
  organization={IEEE}
}

@article{xie2008switching,
  title={Switching control of image-based visual servoing with laser pointer in robotic manufacturing systems},
  author={Xie, Wen-Fang and Li, Zheng and Tu, Xiao-Wei and Perron, Claude},
  journal={IEEE Transactions on Industrial Electronics},
  volume={56},
  number={2},
  pages={520--529},
  year={2008},
  publisher={IEEE}
}

@article{THOMAS201414,
title = {Advances in air to air refuelling},
journal = {Progress in Aerospace Sciences},
volume = {71},
pages = {14 - 35},
year = {2014},
issn = {0376-0421},
doi = {10.1016/j.paerosci.2014.07.001},
author = {Peter Thomas and Ujjar Bhandari and Steve Bullock and Thomas Richardson and Jonathan {du Bois}},
}
@inproceedings{campa2004autonomous,
  title={Autonomous aerial refueling for {UAVs} using a combined {GPS}-machine vision guidance},
  author={Campa, Giampiero and Fravolini, Mario and Ficola, Antonio and Napolitano, Marcello and Seanor, Brad and Perhinschi, Mario},
  booktitle={AIAA Guidance, Navigation, and Control Conference and Exhibit},
  address={Providence, Rhode Island},
  year={2004. AIAA paper 2004-5350},
 doi={10.2514/6.2004-5350 },
}
@article{chaumette2006visual,
  title={Visual servo control. {I.} Basic approaches},
  author={Chaumette, Fran{\c{c}}ois and Hutchinson, Seth},
  journal={IEEE Robotics \& Automation Magazine},
  volume={13},
  number={4},
  pages={82--90},
  year={2006},
  publisher={IEEE},
  doi={doi.org/10.1109/mra.2006.250573 },
}

@article{martinez2013vision,
  title={A vision-based strategy for autonomous aerial refueling tasks},
  author={Mart{\'\i}nez, Carol and Richardson, Thomas and Thomas, Peter and du Bois, Jonathan and Campoy, Pascual},
  journal={Robotics and Autonomous Systems},
  volume={61},
  number={8},
  pages={876--895},
  year={2013},
  publisher={Elsevier},
  doi={10.1016/j.robot.2013.02.006}
}

@ARTICLE{7738351, 
 author={Z. {Wei} and X. {Dai} and Q. {Quan} and Cai, Kai-Yuan},
 journal={IEEE Transactions on Aerospace and Electronic Systems},   
 title={Drogue dynamic model under bow wave in probe-and-drogue refueling}, 
 year={2016}, 
 volume={52},  
 number={4},  
 pages={1728-1742},  
 doi={10.1109/taes.2016.140912},
 }
@article{DAI2016448,
title = "Modeling and simulation of bow wave effect in probe and drogue aerial refueling",
journal = "Chinese Journal of Aeronautics",
volume = "29",
number = "2",
pages = "448 - 461",
year = "2016",
issn = "1000-9361",
doi = "10.1016/j.cja.2016.02.001",
author = "Xunhua Dai and Zibo Wei and Quan Quan",
}


@article{1989Vision,
  title={Vision-guided servoing with feature-based trajectory generation},
  author={ Feddema, John  and  Mitchell, Owen },
  journal={IEEE Transactions on Robotics and Automation},
  volume={5},
  number={5},
  pages={691 - 700},
  year={1989},
 doi={10.1109/70.88086 },
}

@article{wang2015real,
  title={Real-time drogue recognition and {3D} locating for {UAV} autonomous aerial refueling based on monocular machine vision},
  author={Wang, Xufeng and Kong, Xingwei and Zhi, Jianhui and Chen, Yong and Dong, Xinmin},
  journal={Chinese Journal of Aeronautics},
  volume={28},
  number={6},
  pages={1667--1675},
  year={2015},
  publisher={Elsevier},
  doi={10.1016/j.cja.2015.10.006 },
}

@inproceedings{1,
  author = {J. P. Nalepka and J. L. Hinchman},
  title = {Automated aerial refueling: extending the effectiveness of unmanned air vehicles},
  booktitle = {AIAA Modeling and Simulation Technologies Conference and Exhibit},
  address = {San Francisco, California},
  month = {Aug},
  year = {2005},
  pages = {15--18}
}

@article{2,
  author = {P. R. Thomas and U. Bhandari},
  title = {Advances in Air to Air Refuelling},
  journal = {Aerospace Sciences},
  volume = {14},
  number = {35},
  year = {2014},
  pages = {14--35}
}

@article{3,
  author = {Y. H. Liu and H. L. Wang and Z. K. Su and et al},
  title = {Deep learning based trajectory optimization for UAV aerial refueling docking under bow wave},
  journal = {Aerospace Science and Technology},
  volume = {80},
  year = {2018},
  pages = {392--402}
}

@article{4,
  author = {Z. K. Su and H. L. Wang and X. L. Shao and et al},
  title = {Back-stepping based anti-disturbance flight controller with preview methodology for autonomous aerial refueling},
  journal = {Aerospace Science and Technology},
  volume = {61},
  year = {2017},
  pages = {95--108}
}

@article{5,
  author = {J. Wang and V. V. Patel and C. Cao and et al},
  title = {Novel {L}1 adaptive control methodology for aerial refueling with guaranteed transient performance},
  journal = {Journal of guidance, control, and dynamics},
  volume = {31},
  number = {1},
  year = {2008},
  pages = {182--193}
}

@article{6,
  author = {Q. S. He and H. T. Wang and Y. F. Chen and et al},
  title = {Command filtered backstepping sliding mode control for the hose whipping phenomenon in aerial refueling},
  journal = {Aerospace Science and Technology},
  volume = {67},
  year = {2017},
  pages = {495--505}
}

@article{7,
  author = {K. Ro and T. Kuk and J. W. Kamman},
  title = {Dynamics and control of hose-drogue refueling systems during coupling},
  journal = {Journal of guidance, control, and dynamics},
  volume = {34},
  number = {6},
  year = {2011},
  pages = {1694--1708}
}

@article{8,
  author = {X. H. Dai and Z.B. Wei and Q. Quan},
  title = {Modeling and simulation of bow wave effect in probe and drogue aerial refueling},
  journal = {Chinese Journal of Aeronautics},
  volume = {29},
  number = {2},
  year = {2016},
  pages = {448--461}
}

@article{9,
  author = {Z. B. Wei and X. H. Dai and Q. Quan and et al },
  title = {Drogue dynamic model under bow wave in probe-and-drogue refueling},
  journal = {IEEE Transactions on Aerospace and Electronic Systems},
  volume = {52},
  number = {4},
  year = {2016},
  pages = {1728--1742}
}

@article{10,
  author = {H. T. Wang and X. M. Dong and J. P. Xue and et al},
  title = {Dynamic modeling of a hose-drogue aerial refueling system and integral sliding mode backstepping control for the hose whipping phenomenon},
  journal = {Chinese Journal of Aeronautics},
  volume = {29},
  number = {2},
  year = {2016},
  pages = {335--345}
}


@inproceedings{11,
  title={The NASA Dryden AAR project: a flight test approach to an aerial refueling system},
  author={Hensen, J. H and Murray, J. E and Campos, N. V},
  booktitle={AIAA Atmospheric Flight Mechanics Conference \&amp; Exhibit},
  year={2004},
  pages={4939},
}

@inproceedings{12,
  title={Autonomous airborne refueling demonstration phase {I} flight-test results},
  author={Dibley, R and Allen, M and Nabaa, N},
  booktitle={AIAA Atmospheric Flight Mechanics Conference and Exhibit},
  year={2007},
  pages={20--23},
}

@techreport{13,
  title={NATO ATP-56({B}) air-to-air refuelling},
  author={NATO},
  year={2010},
}

@article{14,
  title={A Time-Dependent Hamilton-Jacobi formulation of reachable sets for continuous dynamic games},
  author={Mitchell, I. M and Bayen, A. M and Tomlin, C. J},
  journal={IEEE Transactions on Automatic Control},
  volume={50},
  number={7},
  year={2005},
  pages={947--957},
}

@article{15,
  title={Applications of hybrid reachability analysis to robotic aerial vehicles},
  author={Gillula, J. H and Hoffmann, G. M},
  journal={The International Journal of Robotics Research},
  volume={30},
  number={3},
  year={2011},
  pages={335--354},
}

@inproceedings{16,
  title={Safe maneuvering envelope estimation based on a physical approach},
  author={Lombaerts, T and Schuet, S. R and Wheeler, K. R},
  booktitle={AIAA Guidance, Navigation, and Control (GNC) Conference},
  year={2013},
  pages={1--20},
}

@article{17,
  title={Aircraft autolander safety analysis through optimal control based reachable set computation},
  author={Bayen, A. M and Mitchell, I. M},
  journal={Journal of guidance, control, and dynamics},
  volume={30},
  number={1},
  year={2007},
  pages={68--77},
}

@inproceedings{18,
  title={Guaranteed safe online learning of a bounded system},
  author={Gillulay, J. H and Tomlin, C. J},
  booktitle={Intelligent Robots and Systems, IEEE/RSJ International Conference},
  year={2011},
  pages={2979--2984},
}

@article{19,
  title={Reachability calculations for vehicle safety during manned/unmanned vehicle interaction},
  author={Ding, J and Sprinkle, J and Tomlin, C. J},
  journal={Journal of guidance, control, and dynamics},
  volume={35},
  number={1},
  year={2012},
  pages={138--152},
}

@techreport{20,
  title={A toolbox of level set methods},
  author={Mitchell, I. M},
  institution={Dept. Comput. Sci., Univ. British Columbia, Vancouver, BC, Canada},
  year={2004},
  note={Tech. Rep. TR-2004-09, pp. 99--114},
  url={http://www.cs.ubc.ca/mitchell/ToolboxLS/toolboxLS.pdf},
}

@book{21,
  author    = {Osher, S and  Fedkiw, R and   Piechor, K},
  title     = {Level set methods and dynamic implicit surfaces},
  publisher = {Springer},
  year      = {2003},
  pages     = {25--37}
}

@article{22,
  author    = {F. Gavilan and R. Vazquez and J. Acosta},
  title     = {Adaptive control for aircraft longitudinal dynamics with thrust saturation},
  journal   = {Journal of guidance, control, and dynamics},
  volume    = {38},
  number    = {4},
  year      = {2014},
  pages     = {651--661}
}

@book{23,
  author    = {B. L. Stevens},
  title     = {Aircraft control and simulation: dynamics, controls Design, and autonomous Systems},
  publisher = {John Wiley \& Sons},
  year      = {2003},
  pages     = {68--77}
}

@article{25,
  author    = {M. G. Goman and A. V. Khramtsovsky and E. N. Kolesnikov},
  title     = {Evaluation of aircraft performance and maneuverability by computation of attainable equilibrium sets},
  journal   = {Journal of guidance, control, and dynamics},
  volume    = {31},
  number    = {2},
  year      = {2015},
  pages     = {329--339}
}

@article{26,
  author    = {G. Campa and M. R. Napolitano and M. L. Fravolini},
  title     = {Simulation environment for machine vision based aerial refueling for UAVs},
  journal   = {IEEE Transactions on Aerospace and Electronic Systems},
  volume    = {71},
  number    = {1},
  year      = {2009},
  pages     = {138--151}
}

@article{27,
  author    = {M. D Tandale and R. Bowers and J. Valasek},
  title     = {Trajectory tracking controller for vision-based probe and drogue autonomous aerial refueling},
  journal   = {Journal of guidance, control, and dynamics},
  volume    = {29},
  number    = {4},
  year      = {2012},
  pages     = {846--857}
}

@article{28,
  author    = {G. X. Du and Q. Quan and B. X. Yang and et al},
  title     = {Controllability analysis for multirotor helicopter rotor degradation and failure},
  journal   = {Journal of guidance, control, and dynamics},
  volume    = {38},
  number    = {5},
  year      = {2015},
  pages     = {978--985}
}

@article{wang2016modeling,
  title={Modeling and simulation of a time-varying inertia aircraft in aerial refueling},
  author={Wang, H T and Dong, X M and Xue, J P},
  journal={Chinese Journal of Aeronautics},
  year={2016},
  volume={29},
  number={2},
  pages={335-345},
}

@article{wang2017drogue,
  title={Drogue detection for autonomous aerial refueling based on convolutional neural networks},
  author={Wang, X F and Dong, X M and Kong, X W},
  journal={Chinese Journal of Aeronautics},
  year={2017},
  volume={30},
  number={1},
  pages={380-390},
}

@article{sinha1971stochastic,
  title={A stochastic approximation method},
  author={Sinha, N K and Griscik, M P},
  journal={IEEE Transactions on Systems, Man, and Cybernetics},
  year={1971},
  volume={SMC-1},
  number={4},
  pages={338--344},
}

@article{zhao2017health,
  title={A health performance prediction method of large-scale stochastic linear hybrid systems with small failure probability},
  author={Zhao, Z Y and Quan, Q and Cai, K Y},
  journal={Reliability Engineering and System Safety},
  year={2017},
  pages={74--88},
}

@article{kushner1990numerical,
  title={Numerical methods for stochastic control problems in continuous time},
  author={Kushner, H J},
  journal={SIAM Journal on Control and Optimization},
  year={1990},
  volume={28},
  number={5},
  pages={999--1048},
}

@article{chutinan2003computational,
  title={Computational techniques for hybrid system verification},
  author={Chutinan, A and Krogh, B H},
  journal={IEEE Transactions on Automatic Control},
  year={2003},
  volume={48},
  number={1},
  pages={64--75},
}

@inproceedings{stursberg2003efficient,
  title={Efficient representation and computation of reachable sets for hybrid systems},
  author={Stursberg, O and Krogh, B H},
  booktitle={Proceedings of the 6th International Workshop},
  year={2003},
  month={April},
  pages={3--5},
  address={Prague, Czech Republic},
  publisher={Springer},
}

@article{kurzhanskiy2007ellipsoidal,
  title={Ellipsoidal techniques for reachability analysis of discrete-time linear systems},
  author={Kurzhanskiy, A A and Varaiya, P},
  journal={IEEE Transactions on Automatic Control},
  year={2007},
  volume={52},
  number={1},
  pages={26--38},
}

@article{turati2016advanced,
  title={Advanced RESTART method for the estimation of the probability of failure of highly reliable hybrid dynamic systems},
  author={Turati, P and Pedroni, N and Zio, E},
  journal={Reliability Engineering \& System Safety},
  year={2016},
  volume={154},
  pages={117--126},
}

@article{margellos2013toward,
  title={Toward 4-D trajectory management in air traffic control: a study based on Monte Carlo simulation and reachability analysis},
  author={Margellos, K and Lygeros, J},
  journal={IEEE Transactions on Control Systems Technology},
  year={2013},
  volume={21},
  number={5},
  pages={1820--1833},
}

@incollection{prandini2006stochastic,
  title={A stochastic approximation method for reachability computations},
  author={Prandini, M and Hu, J  H},
  booktitle={Stochastic hybrid systems},
  editor={Blom, HAP and Lygeros, J},
  year={2006},
  publisher={Springer},
  pages={107--139},
}

@phdthesis{althoff2010reachability,
  title={Reachability analysis and its application to the safety assessment of autonomous cars },
  author={Althoff, M},
  year={2010},
  school={Technische Universit\"{a}t M\"{u}nchen},
  address={M\"{u}nchen},
}

@article{liang2013resampling,
  title={A resampling-based stochastic approximation method for analysis of large geostatistical data},
  author={Liang, F. and Cheng, Y. and Song, Q. and et  al},
  journal={Journal of the American Statistical Association},
  volume={108},
  number={501},
  pages={325--339},
  year={2013},
}

@article{mitchell2005time,
  title={A time-dependent Hamilton-Jacobi formulation of reachable sets for continuous dynamic games},
  author={Mitchell, I  M and Bayen, A  M  and Tomlin, C J},
  journal={IEEE Transactions on Automatic Control},
  volume={50},
  number={7},
  pages={947--957},
  year={2005},
}

@inproceedings{hu2003aircraft,
  title={Aircraft conflict detection in the presence of spatially correlated wind perturbations},
  author={Hu, J H and Prandini, M and Sastry, S},
  booktitle={AIAA Guidance, Navigation, and Control Conference and Exhibit},
  year={2003},
  month={Aug},
  address={Austin, US},
  organization={AIAA},
  paper={2003-5339},
}

@article{hu2005aircraft,
  title={Aircraft conflict prediction in the presence of a spatially correlated wind field},
  author={Hu, J  and Prandini, M and Sastry, S},
  journal={IEEE Transactions on Intelligent Transportation Systems},
  volume={6},
  number={3},
  pages={326--340},
  year={2005},
}

@incollection{mackay1998introduction,
  title={Introduction to Monte Carlo methods},
  author={MacKay, D J C},
  booktitle={Learning in Graphical Models},
  editor={Jordan, M. I.},
  publisher={Springer},
  year={1998},
  pages={175--204},
}

@techreport{bolkcom2006air,
	title={Air force aerial refueling methods: flying boom versus hose-and-drogue},
	author={Bolkcom, Christopher},
	year={2006},
	institution={Library of Congress Washington DC Congressional Research Service}
}

@article{degani2002formal,
	title={Formal verification of human-automation interaction},
	author={Degani, Asaf and Heymann, Michael},
	journal={Human Factors},
	volume={44},
	number={1},
	pages={28--43},
	year={2002},
	publisher={SAGE Publications Sage CA: Los Angeles, CA}
}

@article{ding1770reachability,
	title={Reachability calculations for vehicle safety during manned/unmanned vehicle interaction},
	author={Ding, Jerry and Sprinkle, Jonathan and Tomlin, Claire J and Sastry, S Shankar and Paunicka, James L},
	journal={Journal of Guidance, Control, and Dynamics},
	volume={35},
	number={1},
	pages={138--152},
	year={2012}
}

@article{meskin2010hybrid,
	title={A hybrid fault detection and isolation strategy for a network of unmanned vehicles in presence of large environmental disturbances},
	author={Meskin, Nader and Khorasani, Khashayar and Rabbath, Camille Alain},
	journal={IEEE Transactions on Control Systems Technology},
	volume={18},
	number={6},
	pages={1422--1429},
	year={2010},
	publisher={IEEE}
}

@conference{falconi2016adaptive,
	title={Adaptive fault tolerant control allocation for a hexacopter system},
	author={Falcon{\'\i}, Guillermo P and Holzapfel, Florian},
	booktitle={American Control Conference (ACC), 2016},
	pages={6760--6766},
	year={2016},
	organization={IEEE}
}

@incollection{zhang2006issues,
	title={Issues on integration of fault diagnosis and reconfigurable control in active fault-tolerant control systems},
	author={Zhang, Youmin and Jiang, Jin},
	booktitle={Fault Detection, Supervision and Safety of Technical Processes 2006},
	pages={1437--1448},
	year={2007},
	publisher={Elsevier}
}

@article{WONHAM20171791,
	title = "Supervisory Control of Discrete-Event Systems: A Brief History-1980-2015",
	journal = "IFAC-PapersOnLine",
	volume = "50",
	number = "1",
	pages = "1791 - 1797",
	year = "2017",
	note = "20th IFAC World Congress",
	issn = "2405-8963",
	doi = "https://doi.org/10.1016/j.ifacol.2017.08.164",
	author = "W.M. Wonham and Kai Cai and Karen Rudie"
}

@ARTICLE{Ramadge21072, 
	author={P. J. G. Ramadge and W. M. Wonham}, 
	journal={Proceedings of the IEEE}, 
	title={The control of discrete event systems}, 
	year={1989}, 
	volume={77}, 
	number={1}, 
	pages={81-98},  
	ISSN={0018-9219}, 
	month={Jan},
}


@book{wonham2015supervisory,
	title={Supervisory control of discrete-event systems},
	author={Wonham, W Murray and Cai, Kai},
	year={2018},
	publisher={Springer}
}

@article{cai2010supervisor,
	title={Supervisor localization: a top-down approach to distributed control of discrete-event systems},
	author={Cai, Kai and Wonham, W Murray},
	journal={IEEE Transactions on Automatic Control},
	volume={55},
	number={3},
	pages={605--618},
	year={2010},
	publisher={IEEE}
}

@inproceedings{brandin1994,
author={Bertil  A. Brandin and F. E. Charbonnier}, 
booktitle={Proceedings of the Fourth International Conference on Computer Integrated Manufacturing and Automation Technology}, 
title={The supervisory control of the automated manufacturing system of the AIP}, 
year={1994},  
pages={319-324}, 
doi={10.1109/CIMAT.1994.389054}, 
month={Oct}
}

@article{seidl2006,
	title={Systematic controller design to drive high-load call centers},
	author={Seidl, Michael},
	journal={IEEE transactions on control systems technology},
	volume={14},
	number={2},
	pages={216--223},
	year={2006},
	publisher={IEEE}
}

@article{theunissen2014,
	title={Application of supervisory control synthesis to a patient support table of a magnetic resonance imaging scanner},
	author={R. J. M. Theunissen and M. Petreczky and R. R. H. Schiffelers and D. A. van Beek and J. E. Rooda},
	journal={IEEE Transactions on Automation Science and Engineering},
	volume={11},
	number={1},
	pages={20--32},
	year={2014},
	publisher={IEEE},
	doi={10.1109/TASE.2013.2279692}, 
	ISSN={1545-5955}, 
}

@article{HAREL1987231,
	title = "Statecharts: a visual formalism for complex systems",
	journal = "Science of Computer Programming",
	volume = "8",
	number = "3",
	pages = "231 - 274",
	year = "1987",
	issn = "0167-6423",
	doi = "https://doi.org/10.1016/0167-6423(87)90035-9",
	author = "David Harel"
}

@article{ma2006nonblocking,
	title={Nonblocking supervisory control of state tree structures},
	author={Ma, Chuan and Wonham, W Murray},
	journal={IEEE Transactions on Automatic Control},
	volume={51},
	number={5},
	pages={782--793},
	year={2006},
	publisher={IEEE}
}

@article{Bryant86, 
	author={R. E. Bryant}, 
	journal={IEEE Transactions on Computers}, 
	title={Graph-Based Algorithms for Boolean Function Manipulation}, 
	year={1986}, 
	volume={C-35}, 
	number={8}, 
	pages={677-691},  
	doi={10.1109/TC.1986.1676819}, 
	ISSN={0018-9340}, 
	month={Aug}
}

@article{Forschelen2012Application,
	title={Application of supervisory control theory to theme park vehicles},
	author={Forschelen, Stefan T. J. and Mortel-Fronczak, Joanna M. Van De and Su, Rong and Rooda, Jacobus E.},
	journal="Discrete Event Dynamic Systems",
	year="2012",
	month="Dec",
	day="01",
	volume="22",
	number="4",
	pages="511--540",
	issn="1573-7594",
	doi="10.1007/s10626-012-0130-6"
}

@article{Markovski2010Coordination,
	title = {Coordination of Resources using Generalized State-Based Requirements},
	author = {J. Markovski and K.G.M. Jacobs and D.A. van Beek and L.J.A.M. Somers and J.E. Rooda},
	journal = "IFAC Proceedings Volumes",
	volume = "43",
	number = "12",
	pages = "287 - 292",
	year = "2010",
	note = "10th IFAC Workshop on Discrete Event Systems",
	issn = "1474-6670",
	doi = "10.3182/20100830-3-DE-4013.00048"
}

@inproceedings{ma2008stslib,
	author={Chuan Ma and W. M. Wonham}, 
	booktitle={The 9th International Workshop on Discrete Event Systems 2008 }, 
	title={STSLib and its application to two benchmarks}, 
	year={2008}, 
	pages={119-124}, 
	doi={10.1109/WODES.2008.4605932}, 
	month={May}
}

@techreport{NATO2010,
	title =   "{Air to air refuelling, ATP-56(B)}",
	year =   "2010",
	author = "NATO Standardization Agency",
	language =   "English",
	institution =   "North Atlantic Treaty Organization",
	date =   "January 2010"
}

@article{akesson2003supremica,
	title = "Supremica-An Efficient Tool for Large-Scale Discrete Event Systems",
	journal = {IFAC-PapersOnLine},
	volume = "50",
	number = "1",
	pages = "5794 - 5799",
	year = "2017",
	note = "20th IFAC World Congress",
	issn = "2405-8963",
	doi = "https://doi.org/10.1016/j.ifacol.2017.08.427",
	author = "Robi Malik and Knut Akesson and Hugo Flordal and Martin Fabian"
}

@inproceedings{kalgren2006defining,
	author={P. W. Kalgren and C. S. Byington and M. J. Roemer and M. J. Watson}, 
	booktitle={2006 IEEE Autotestcon}, 
	title={Defining PHM, A Lexical Evolution of Maintenance and Logistics}, 
	year={2006}, 
	pages={353-358}, 
	doi={10.1109/AUTEST.2006.283685}, 
	ISSN={1088-7725}, 
	month={Sept}
}

@inproceedings{b1,
  title={Automated aerial refueling: extending the effectiveness of UAVs},
  author={Nalepka, Joe and Hinchman, Jake},
  booktitle={AIAA modeling and simulation technologies conference and exhibit},
  pages={6005},
  year={2005}
}

@book{b2,
  title={The air refueling receiver that does not complain},
  author={Stephenson, Jeffrey L},
  year={1999},
  publisher={Air University Press}
}

@phdthesis{b3,
  title={Autonomous unmanned aerial vehicle rendezvous for automated aerial refueling},
  author={Burns, Brian S},
  year={2007},
  school={Air Force Institute of Technology, Graduate School of Engineering and Management}
}

@inproceedings{b4,
  title={Autonomous control for automated aerial refueling with minimum-time rendezvous},
  author={Burns, Brian and Blue, Paul and Zollars, Michael},
  booktitle={AIAA Guidance, Navigation and Control Conference and Exhibit},
  pages={6739},
  year={2007}
}

@inproceedings{b5,
  title={Cooperative aerial tracking and rendezvous along time-optimal 3-dimensional curves},
  author={Owen, Mark and Nichols, Joseph and Colton, Mark},
  booktitle={AIAA Guidance, Navigation, and Control Conference},
  pages={6546},
  year={2011}
}

@inproceedings{b6,
  title={Real-time rendezvous point selection for a nonholonomic vehicle},
  author={Wilson, Daniel Briggs and Soto, Miguel Angel Trujillo and G{\"o}kto{\u{g}}an, Ali Haydar and Sukkarieh, Salah},
  booktitle={2013 IEEE International Conference on Robotics and Automation},
  pages={3941--3946},
  year={2013},
  organization={IEEE}
}

@article{b7,
  title={Three-dimensional path planning for aerial refueling between one tanker and multiple UAVs},
  author={Yoon, Yujung and Kim, Mingu and Kim, Youdan},
  journal={International Journal of Aeronautical and Space Sciences},
  volume={19},
  pages={1027--1040},
  year={2018},
  publisher={Springer}
}

@book{b8,
  title={Integer programming},
  author={Wolsey, Laurence A},
  year={2020},
  publisher={John Wiley \& Sons}
}

@article{oh2013rendezvous,
  title={Rendezvous and standoff target tracking guidance using differential geometry},
  author={Oh, Hyondong and Kim, Seungkeun and Shin, Hyo-Sang and White, Brian A and Tsourdos, Antonios and Rabbath, Camille Alain},
  journal={Journal of Intelligent \& Robotic Systems},
  volume={69},
  pages={389--405},
  year={2013},
  publisher={Springer}
}

@article{hansknecht2023feeder,
  title={Feeder routing for air-to-air refueling operations},
  author={Hansknecht, Christoph and Joormann, Imke and Korn, Bernd and Morscheck, Fabian and Stiller, Sebastian},
  journal={European Journal of Operational Research},
  volume={304},
  number={2},
  pages={779--796},
  year={2023},
  publisher={Elsevier}
}

@article{sundar2013algorithms,
  title={Algorithms for routing an unmanned aerial vehicle in the presence of refueling depots},
  author={Sundar, Kaarthik and Rathinam, Sivakumar},
  journal={IEEE Transactions on Automation Science and Engineering},
  volume={11},
  number={1},
  pages={287--294},
  year={2013},
  publisher={IEEE}
}

@phdthesis{bordelon1981optimization,
  title={Optimization of Strategic Airlift In-Flight Refueling},
  author={Bordelon, Vernon P and Marcotte, John C},
  year={1981},
  school={Air Force Institute of Technology}
}

@article{liu2019optimal,
  title={Optimal scheduling for aerial recovery of multiple unmanned aerial vehicles using genetic algorithm},
  author={Liu, Yongbei and Qi, Naiming and Yao, Weiran and Liu, Yanfang and Li, Yuan},
  journal={Proceedings of the Institution of Mechanical Engineers, Part G: Journal of Aerospace Engineering},
  volume={233},
  number={14},
  pages={5347--5359},
  year={2019},
  publisher={SAGE Publications Sage UK: London, England}
}

@article{gamzu2019polynomial,
  title={A polynomial-time approximation scheme for the airplane refueling problem},
  author={Gamzu, Iftah and Segev, Danny},
  journal={Journal of Scheduling},
  volume={22},
  number={1},
  pages={119--135},
  year={2019},
  publisher={Springer}
}

@inproceedings{entz2015application,
  title={Application of automatic algorithm generation to air-to-air refueling scheduling},
  author={Entz, Ricardo M and Scherer Schwening, Gabriel and Fernandes de Oliveira, Rafael},
  booktitle={16th AIAA/ISSMO Multidisciplinary Analysis and Optimization Conference},
  pages={2649},
  year={2015}
}

@article{kaplan2012exact,
  title={Exact and heuristic algorithms for the aerial refueling parallel machine scheduling problem with due date-to-deadline window and ready times},
  author={Kaplan, Sezgin and Rabadi, Ghaith},
  journal={Computers \& Industrial Engineering},
  volume={62},
  number={1},
  pages={276--285},
  year={2012},
  publisher={Elsevier}
}

@article{zhu2022aerial,
  title={Aerial refueling: Scheduling wireless energy charging for UAV enabled data collection},
  author={Zhu, Kun and Yang, Jia and Zhang, Yang and Nie, Jiangtian and Lim, Wei Yang Bryan and Zhang, Hongliang and Xiong, Zehui},
  journal={IEEE Transactions on Green Communications and Networking},
  volume={6},
  number={3},
  pages={1494--1510},
  year={2022},
  publisher={IEEE}
}

@article{kim2018traveling,
  title={Traveling salesman problem with a drone station},
  author={Kim, Sungwoo and Moon, Ilkyeong},
  journal={IEEE Transactions on Systems, Man, and Cybernetics: Systems},
  volume={49},
  number={1},
  pages={42--52},
  year={2018},
  publisher={IEEE}
}

@article{carter2006new,
  title={A new approach to solving the multiple traveling salesperson problem using genetic algorithms},
  author={Carter, Arthur E and Ragsdale, Cliff T},
  journal={European journal of operational research},
  volume={175},
  number={1},
  pages={246--257},
  year={2006},
  publisher={Elsevier}
}

@article{maini2019cooperative,
  title={Cooperative aerial--ground vehicle route planning with fuel constraints for coverage applications},
  author={Maini, Parikshit and Sundar, Kaarthik and Singh, Mandeep and Rathinam, Sivakumar and Sujit, PB},
  journal={IEEE Transactions on Aerospace and Electronic Systems},
  volume={55},
  number={6},
  pages={3016--3028},
  year={2019},
  publisher={IEEE}
}


@mastersthesis{1021875904.nh,
 author = {Chen TT},
 title = {The vehicle routing problem of mobile charging vehicles and shared electric vehicles considering mobile charging service},
 school = {Beijing Jiaotong University},
 year = {2022}
 }


@article{huang2020planning,
  title={Planning station capacity and fleet size of one-way electric carsharing systems with continuous state of charge functions},
  author={Huang, Kai and An, Kun and de Almeida Correia, Gon{\c{c}}alo Homem},
  journal={European Journal of Operational Research},
  volume={287},
  number={3},
  pages={1075--1091},
  year={2020},
  publisher={Elsevier}
}

@book{marchman2004aerodynamics,
  title={Aerodynamics and Aircraft Performance},
  author={Marchman, James F},
  year={2004},
  publisher={James F. Marchman}
}

@article{yoon2018three,
  title={Three-dimensional path planning for aerial refueling between one tanker and multiple UAVs},
  author={Yoon, Yujung and Kim, Mingu and Kim, Youdan},
  journal={International Journal of Aeronautical and Space Sciences},
  volume={19},
  pages={1027--1040},
  year={2018},
  publisher={Springer}
}

@article{li2023app,
  title={APP: A* Post-Processing Algorithm for Robots with Bidirectional Shortcut and Path Perturbation},
  author={Li, Yong and Cheng, Hui},
  journal={IEEE Robotics and Automation Letters},
  year={2023},
  publisher={IEEE}
}

@article{lopes2019fast,
  title={Fast block distributed CUDA implementation of the Hungarian algorithm},
  author={Lopes, Paulo AC and Yadav, Satyendra Singh and Ilic, Aleksandar and Patra, Sarat Kumar},
  journal={Journal of Parallel and Distributed Computing},
  volume={130},
  pages={50--62},
  year={2019},
  publisher={Elsevier}
}

@article{shi2022neural,
  title={The neural network methods for solving Traveling Salesman Problem},
  author={Shi, Yong and Zhang, Yuanying},
  journal={Procedia Computer Science},
  volume={199},
  pages={681--686},
  year={2022},
  publisher={Elsevier}
}




	